2267 3517
338 157 366 206 'l
374 157 531 205 40-1
538 156 621 219 45]
948 155 1383 203 ΜΕΛΠΟΜΕΝΗ
1391 189 1401 207 .
1683 175 1694 184 ·
1847 152 1942 205 337

339 263 514 314 μενοι,
558 237 649 295 καὶ
688 235 755 296 τὸ
798 236 1051 311 δεύτερον
1081 233 1335 310 ἥμαρτον
1359 238 1469 293 τῶν
1496 234 1783 311 Περσέων.
1851 235 1945 294 καὶ

338 329 509 384 τοῦτο
548 327 652 400 μὲν
693 323 765 386 ὦς
807 322 995 384 ἐόντας
1031 320 1228 385 Ἴωνας
1269 323 1606 398 ἐλευθέρους,
1649 325 1945 386 κακίστους

338 439 403 472 τε
446 414 539 471 καὶ
584 410 1021 488 ἀνανδροτάτους
1069 410 1323 485 κρίνουσι
1367 408 1506 467 εἶναι
1550 408 1806 469 ἁπάντων
1851 409 1942 470 άν-

340 499 592 578 θρῶπων·
652 502 819 558 τοῦτο
860 498 919 556 δὲ
960 497 1031 560 ὥς
1072 496 1286 556 δούλων
1337 495 1577 578 [Ἰώνων]
1628 497 1727 556 τόν
1767 497 1942 577 λόγον

338 588 671 664 ποιεύμενοι,
744 584 1063 662 ἀνδράποδα
1125 583 1519 661 φιλοδέσποτα
1586 589 1736 660 φασι
1805 585 1944 646 εἶναι

340 677 435 735 καὶ
473 674 727 753 ἄδρηστα
765 673 1041 750 μάλιστα.
1109 677 1287 732 ταῦτα
1321 674 1427 749 μὲν
1472 672 1540 748 δή
1591 673 1844 752 Σκύθῃσι
1884 678 1940 737 ἐς

328 762 525 825 Ἴωνας
552 762 905 839 ἀπέρριπται.

422 854 660 928 Δαρεῖος
702 850 761 908 δὲ
806 849 897 908 διαὶ
942 853 1044 924 τῆς
1086 848 1329 924 Θρηίκης
1369 847 1754 926 πορευόμενος,
1799 848 1902 908 α’π-
1923 851 2038 908 143

340 941 489 998 ίκετο
543 943 599 1001 ἐς
653 937 877 1013 Σηστόν
934 941 1037 1012 τῆς
1103 935 1497 1012 Χερσονήσου.
1579 937 1828 995 ἐνθεῦτεν
1881 937 1940 995 δὲ

340 1025 505 1090 αὐτὸς
542 1029 646 1103 μὲν
688 1026 851 1100 διέβη
891 1029 1028 1102 τῇσι
1069 1023 1235 1098 νηυσὶ
1276 1026 1333 1085 ἐς
1369 1023 1474 1098 τὴν
1513 1020 1730 1097 Ἀσίην,
1758 1023 1941 1082 λείπει

342 1115 403 1173 δὲ
449 1113 769 1194 στρατηγόν
818 1118 875 1172 ἐν
927 1115 999 1190 τῇ
1047 1109 1296 1190 Εὐρώπῃ
1354 1109 1723 1191 Μεγάβαζον,
1769 1109 1942 1187 ἄνδρα

342 1201 593 1277 Πέρσην·
634 1205 711 1278 τῷ
738 1200 975 1276 Δαρεῖός
1008 1225 1136 1258 κοτε
1169 1198 1331 1256 ἔδωκε
1355 1199 1522 1278 γέρας
1545 1197 1759 1256 τοιόνδε
1785 1198 1942 1262 ε’ίπας

342 1292 401 1346 ἐν
442 1288 708 1365 Πέρσῃσι
750 1289 898 1349 ἔπος·
957 1285 1284 1363 (ὁρμημένου
1325 1286 1565 1361 Δαρείου
1611 1284 1766 1361 ῥοιὰς
1803 1284 1939 1362 τρώ-

339 1400 476 1455 γειν,
522 1374 593 1437 ὦς
644 1373 827 1442 ἄνοιξε
879 1372 1126 1450 τάχιστα
1173 1373 1278 1448 τὴν
1323 1371 1547 1450 πρώτην
1590 1375 1702 1431 τῶν
1746 1373 1939 1448 ῥοιέων

342 1462 519 1539 εἴρετο
550 1460 719 1522 αὖτόν
755 1461 787 1522 ὁ
818 1460 1095 1535 ἀδελφεὸς
1122 1458 1494 1536 Ἀρτάβανος,
1523 1458 1556 1520 ὅ
1591 1485 1647 1518 τι
1681 1459 1940 1537 βούλοιτ’

342 1549 409 1609 ἄν
456 1553 509 1608 οἱ
554 1553 799 1609 τοσοῦτο
842 1548 1065 1623 πλῆθος
1109 1547 1376 1628 γενέσθαι
1417 1546 1548 1608 ὅσοι
1591 1553 1650 1608 ἐν
1692 1551 1766 1627 τῇ
1812 1550 1941 1627 ῥοιῇ
1987 1593 1996 1602 .

343 1635 559 1706 κόκκοι;
604 1641 841 1715 Δαρεῖος
872 1636 932 1694 δὲ
971 1634 1105 1705 εἶπε,
1141 1635 1520 1716 Μεγαβάζους
1554 1635 1624 1696 ἄν
1659 1639 1713 1695 οἱ
1742 1635 1942 1696 τοσού-

340 1751 469 1789 τους
509 1725 747 1803 οἷριθμόν
792 1724 1057 1805 γενέσθαι
1104 1722 1427 1799 βούλεσθαι
1469 1727 1696 1799 μᾶλλον
1747 1721 1784 1800 ἢ
1837 1723 1942 1800 τήν

339 1812 593 1872 Ἑλλάδα
627 1812 896 1888 ὑπήκοον.
978 1815 1036 1870 ἐν
1070 1814 1177 1887 μὲν
1218 1810 1286 1884 δὴ
1325 1811 1591 1887 Πέρσῃσι
1630 1810 1808 1870 ταῦτά
1841 1838 1942 1889 μιν

342 1901 499 1964 εἶπας
554 1900 733 1976 ἐτίμα·
800 1899 930 1960 τότε
984 1898 1044 1956 δὲ
1101 1897 1272 1956 αὐτὸν
1325 1896 1564 1956 ὖπέλιπε
1622 1899 1943 1978 στρατηγὸν

343 1989 542 2065 ἔχοντα
587 1990 689 2060 τῆς
736 1990 1007 2064 στρατιῆς
1051 1989 1154 2061 τῆς
1201 1987 1405 2044 ἑωυτοῦ
1457 1982 1601 2043 ὄκτῶ
1652 1985 1940 2060 μυριάδας.

344 2074 525 2138 Οὗτος
550 2074 609 2132 δὲ
634 2074 667 2134 0‘
693 2075 1037 2155 Μεγάβαζος
1064 2074 1221 2136 εἴπας
1245 2071 1374 2132 τόδε
1397 2071 1466 2132 τὸ
1492 2073 1622 2136 ἔπος
1649 2073 1901 2131 ἐλείπετο
1922 2076 2037 2133 144

342 2161 619 2222 ἀθάνατον
660 2162 885 2240 μνήμην
918 2164 1057 2239 πρὸς
1096 2161 1579 2237 Ἑλλησποντίων.
1646 2158 1942 2242 γενόμενος

340 2249 453 2331 γὰρ
493 2255 551 2310 ἐν
591 2251 888 2329 Βυζαντίῳ,
930 2249 1166 2310 ἐπύθετο
1214 2249 1579 2310 ἑπτακαίδεκα
1619 2250 1769 2308 ἔτεσι
1808 2248 1942 2326 πρόι·

341 2363 504 2416 τερον
543 2339 969 2417 Καλχηδονίους
1010 2338 1310 2400 κτίσαντας
1349 2336 1456 2413 τὴν
1501 2336 1689 2416 χώρην
1736 2338 1944 2408 Βυζαν-

340 2426 489 2486 τίων·
556 2424 869 2502 πυθόμενος
922 2426 983 2484 δὲ
1035 2425 1162 2500 ἔφη,
1215 2435 1252 2460 “
1270 2425 1691 2503 Καλχηδονίους
1742 2428 1943 2486 τοῦτον

342 2512 441 2572 τόν
480 2514 684 2593 χρόνον
723 2512 1021 2594 τυγχάνειν
1061 2511 1254 2574 ἐόντας
1290 2511 1592 2588 τυφλούς·”
1633 2512 1700 2572 οὗ
1730 2512 1842 2592 γάρ
1875 2511 1944 2573 ἂν

341 2606 445 2660 τοῦ
491 2601 791 2664 καλλίονος
832 2600 1136 2676 παρεόντος
1182 2600 1381 2670 κτίζειν
1423 2599 1624 2679 χώρου,
1675 2600 1776 2660 τὸν
1819 2603 1940 2658 αἶσ-

342 2689 506 2766 χίονα
546 2689 792 2760 ἑλέσθαι,
836 2691 885 2746 εἰ
923 2688 1004 2763 μή
1042 2686 1194 2762 ἦσαν
1239 2688 1468 2763 τυφλοί.
1552 2685 1711 2751 οὗτος
1757 2687 1817 2746 δὲ
1871 2686 1946 2747 ὧν

341 2775 471 2834 τότε
510 2775 543 2836 ἆ
584 2774 931 2856 Μεγάβαζος
966 2773 1286 2855 στρατηγός
1317 2775 1570 2851 λειφθεὶς
1602 2780 1660 2834 ἐν
1689 2778 1768 2853 τῇ
1788 2775 1946 2854 χώρῃ

338 2860 823 2939 Ἑλλησποντίων,
843 2861 973 2925 τοῦς
998 2861 1079 2938 μὴ
1104 2862 1435 2938 μηδίζοντας
1461 2863 1892 2939 κατεστρέφετο.

428 2949 611 3016 Οὗτος
653 2952 759 3028 μέν
804 2975 901 3010 νυν
942 2953 1119 3009 ταῦτα
1167 2949 1440 3026 ἔπρησσε·
1494 2949 1594 3034 τᾶν
1637 2948 1804 3008 αὖτόν
1844 2948 1904 3007 δὲ
1924 2951 2039 3009 145

343 3044 545 3099 τοῦτον
598 3039 802 3120 χρόνον
854 3037 1067 3118 ἐγίνετο
1118 3037 1212 3095 ἐπὶ
1265 3037 1490 3113 Λιβύην
1542 3035 1722 3099 ἄλλος
1773 3061 1945 3113 στρα-
1967 3027 1977 3037 “

343 3131 467 3203 τιῆς
511 3129 687 3210 μέγας
738 3124 965 3194 στόλος,
1020 3124 1113 3183 Sui
1165 3124 1460 3200 πρόφασιν
1501 3123 1606 3199 τὴν
1649 3123 1757 3204 ἐγω
1803 3122 1942 3200 α’,πηη

343 3215 599 3296 γήσομαι
644 3211 1169 3294 προδιηγησάμενος
1213 3212 1484 3288 πρότερον
1528 3210 1677 3269 τάδε·
1732 3215 1844 3271 τῶν
1885 3217 1946 3270 ἐκ

344 3307 447 3380 τῆς
476 3302 715 3389 Ἀργοῦς
750 3300 1061 3378 ἐπιβατέων
1085 3299 1296 3360 παίδων
1321 3297 1528 3374 παῖδες,
1556 3298 1947 3369 ἐξελασθέντες

494 3387 552 3438 27
