2267 3517
273 128 369 180 353
886 130 1252 179 ἯΡοΔοτοτ
1757 129 1877 195 [IV.

271 205 620 287 ὅμοιόταται.
680 214 934 270 τοσαῦτα
958 211 1063 288 μέν
1092 237 1188 270 νυν
1213 210 1444 288 θηρία
1405 235 1444 286 η
1469 213 1580 270 τῶν
1605 210 1888 287 Νομάδων

270 295 502 373 Λιβύων
532 301 609 377 γῆ
650 297 841 376 ἔχει,”
810 323 951 358 οσον
980 297 1144 373 ἤμεῖς
1181 299 1526 376 ἱστορέοντες
1559 297 1650 357 ἐπὶ
1674 297 1885 377 μακρό-

269 409 441 446 τατον
468 385 581 444 οἷοί
599 411 663 445 τε
688 385 990 466 ἐγενόμεθα
1018 385 1318 455 ἐξικέσθαι.

178 477 295 535 193
380 472 625 544 Μαξύων
668 474 728 533 δὲ
769 473 1001 550 Λιβύων
1043 472 1289 550 Ζαύηκες
1331 475 1568 552 ἔχονται,
1615 475 1772 533 τοῖσι
1823 479 1884 535 αἱ

180 558 295 623 1'94
312 566 569 644 γυναῖκες
593 561 884 640 ἡνιοχεῦσι
909 562 981 623 τά
1000 561 1226 640 ἅρματα
1247 566 1301 624 ἐς
1314 561 1414 622 τόν
1430 560 1702 639 πόλεμον.
1743 563 1883 622 Τού-

268 676 380 711 των
414 649 477 710 δὲ
512 648 783 721 Γύζαντες
814 651 1051 729 ἔχονται,
1084 654 1144 710 ἐν
1172 653 1326 710 τοῖσι
1361 651 1494 725 μέλι
1529 651 1633 726 μὲν
1657 650 1884 712 πολλὸν

270 739 549 815 μέλισσαι
576 737 1024 820 κατεργάζονται,
1051 741 1254 816 πολλῷ
1280 738 1326 797 δ’
1354 740 1434 798 ἔτι
1460 737 1638 798 πλέον
1655 740 1882 819 λέγεται

270 826 639 907 δημιουργούς
664 826 865 905 ἄνδρας
888 827 1115 887 ποιέειν·
1147 830 1479 905 μιλτοῦνται
1507 825 1553 884 δ’
1579 824 1654 885 ὦν
1678 826 1881 891 πάντες

273 914 443 985 οὗτοι,
477 915 571 974 καὶ
604 915 1112 997 πιθηκοφαγέουσι·
1155 917 1210 974 οἱ
1241 915 1306 974 δέ
1338 919 1450 989 σφι
1477 913 1718 989 ἄφθονοι
1749 913 1878 975 ὅσοι
1955 941 1967 952 ·

184 1006 297 1062 195
316 1006 540 1064 ἐντοῖσι
567 1001 759 1081 οὔρεσι
783 1004 1050 1084 γίνονται.
1110 1002 1278 1062 Κατά
1302 1001 1529 1065 τούτους
1555 1000 1614 1061 δὲ
1639 1004 1879 1083 λέγουσι

272 1091 650 1172 Καρχηδόνιοι
662 1092 899 1152 ’κέεσθαι
912 1095 1090 1168 νῆσον
1104 1094 1178 1169 τῇ
1199 1088 1410 1167 οὕνομα
1425 1089 1563 1149 εἶναι
1578 1089 1874 1168 Κύραυνιν,

268 1183 450 1256 μῆκος
488 1181 592 1257 μὲν
634 1179 931 1256 διηκοσίων
974 1179 1217 1240 σταδίων
1269 1177 1488 1242 πλάτος
1530 1179 1590 1238 δὲ
1631 1179 1873 1255 στεινῆν,

272 1267 546 1344 διαβατὸν
594 1273 655 1327 ἐκ
701 1271 803 1344 τῆς
854 1267 1105 1345 ἠπείρου,
1148 1267 1378 1326 ἐλαιέων
1417 1292 1480 1326 τε
1521 1265 1739 1344 μεστὴν
1783 1269 1877 1328 καὶ

271 1354 557 1431 ἀμπέλων·
586 1356 792 1432 λίμνην
814 1355 958 1416 δὲέν
978 1355 1119 1434 αὐτῇ
1141 1353 1350 1425 εἶναι,’
1325 1381 1385 1414 εκ
1410 1358 1511 1430 τῆς
1533 1381 1590 1414 αι
1573 1355 1876 1431 επαρθένοι

266 1447 379 1503 τῶν
405 1443 709 1520 ἐπιχώριων
734 1448 994 1520 πτεροῖσι
1021 1443 1252 1520 ὀρνίθων
1285 1443 1663 1522 κεχριμένοισι
1687 1443 1876 1522 πίσσῃ

270 1535 330 1589 ἐκ
373 1533 476 1605 τῆς
530 1530 683 1593 ἰλύος
729 1535 931 1611 ψῆγμα
980 1531 1330 1608 ἀναφέρουσι
1371 1534 1614 1610 χρυσοῦ.
1696 1535 1875 1591 ταῦτα

271 1623 319 1677 εἰ
347 1617 453 1694 μέν
480 1621 603 1677 ἐστι
634 1616 885 1694 ἀληθέως
911 1617 1010 1677 οὐκ
1038 1618 1178 1688 οἶδα,
1206 1620 1278 1680 τοὶ
1305 1619 1365 1678 δὲ
1392 1620 1618 1700 λέγεται
1644 1617 1869 1699 γράφω·

271 1707 354 1782 εἴη
394 1704 440 1765 δ’
482 1702 551 1765 ἂν
589 1709 721 1766 πᾶν·
764 1705 898 1765 ὅκου
932 1707 1023 1766 καὶ
1061 1711 1119 1766 ἐν
1153 1707 1414 1786 Ζακύνθῳ
1445 1713 1506 1766 ἐκ
1538 1707 1740 1784 λίμνης
1777 1708 1874 1766 καὶ

267 1793 463 1857 ὕδατος
489 1795 711 1855 πίσσαν
741 1793 1166 1873 ἀναφερομένην
1192 1794 1358 1858 αύτός
1395 1794 1503 1876 ἐγῶ
1531 1794 1718 1873 ὥρεον.
1759 1797 1872 1856 εἶσὶ

266 1885 370 1960 μὲν
409 1883 501 1942 καὶ
536 1886 774 1946 πλεῦνες
810 1886 869 1942 αἱ
904 1883 1102 1960 λίμναι
1139 1881 1348 1953 αὐτόθι,
1378 1883 1416 1958 ἦ
1445 1883 1503 1942 δὲ
1531 1881 1604 1942 ὧν
1627 1883 1872 1965 μεγίστη

272 1970 477 2031 αὐτέων
495 1971 884 2049 ἐβδομηκοντα
904 1971 1089 2032 ποδῶν
1109 1970 1292 2046 πάντη
1312 1971 1496 2046 βάθος
1516 1970 1576 2029 δὲ
1597 1970 1872 2051 διόργυιός

269 2064 411 2119 ἐστι·
452 2065 507 2122 ἐς
537 2059 756 2136 ταύτην
780 2059 977 2119 κοντὸν
1012 2063 1252 2120 κατιεῖσι
1290 2057 1374 2118 ἐπ’
1411 2057 1580 2167 ἅκρω
1594 2058 1871 2137 μυρσίνην

264 2145 705 2221 προσδήσαντες,
747 2147 841 2205 καὶ
886 2148 1073 2207 ἔπειτα
1120 2145 1469 2224 ἀναφέρουσι
1507 2151 1580 2226 τῇ
1625 2147 1870 2239 μυρσίνῃ

264 2233 501 2304 πίσσαν,
542 2233 721 2310 οδμην
760 2261 865 2312 μεν
904 2237 1149 2314 ἔχουσαν
1184 2234 1488 2311 ἀσφάλτου
1521 2235 1596 2296 τοὶ
1635 2235 1682 2294 δ’
1696 2231 1872 2294 ἅλλα

264 2324 365 2394 τῆς
392 2325 659 2398 Πιερικῆς
676 2323 894 2399 πίσσης
912 2322 1134 2400 ἀμείνω.
1195 2323 1460 2402 ἐσχέουσι
1489 2323 1602 2382 δὲ’
1576 2349 1631 2387 ες
1657 2321 1870 2383 λάκκον

263 2406 646 2488 ὀρωρυγμένον
670 2409 853 2492 ἀγχοῦ
878 2416 980 2487 τῆς
1006 2413 1228 2496 λίμνης·
1269 2412 1437 2472 ἐπεάν
1463 2412 1523 2471 δὲ
1550 2411 1868 2489 ἀθροίσωσι

264 2495 497 2574 συχνήν,
556 2523 698 2557 ουτω
750 2503 805 2562 ἐς
854 2525 985 2563 τους
1023 2499 1336 2612 ἀμφορέας
1389 2504 1450 2559 ἐκ
1502 2503 1604 2560 τοῦ
1654 2497 1869 2558 λάκκου

265 2584 624 2662 καταχέουσι·
670 2585 703 2646 ὅ
736 2611 792 2646 τι
830 2585 944 2645 δ’*
910 2613 980 2646 αν
1013 2588 1236 2666 ἐσπέσῃ
1274 2592 1330 2651 ἐς
1367 2587 1472 2664 τήν
1503 2589 1725 2667 λίμνην,
1755 2586 1867 2647 ύπο

262 2675 372 2752 γῆν
400 2670 484 2732 ἷὸν
515 2670 879 2749 ἀναφαίνεται
906 2679 965 2734 ἐν
987 2678 1061 2754 τῇ
1087 2676 1377 2754 θαλάσσῃ·
1419 2675 1458 2751 ἦ
1486 2675 1545 2734 δὲ
1572 2674 1770 2754 ἀπέχει
1796 2673 1869 2737 ὥς

262 2759 511 2836 τέσσερα
551 2761 756 2821 στάδια
792 2761 903 2832 ἀπὸ
940 2766 1042 2839 τῆς
1079 2764 1300 2840 λίμνης.
1386 2762 1527 2824 οὕτω
1563 2762 1638 2823 ὧν
1676 2762 1768 2822 καὶ
1792 2763 1866 2822 τοὶ

262 2847 375 2907 ἀπό
402 2851 501 2923 τῆς
536 2847 715 2924 νήσου
752 2853 853 2925 τῆς
885 2851 978 2908 ἐπὶ
1011 2849 1205 2930 Λιβύῃ
1239 2852 1492 2928 κειμένης
1524 2850 1715 2910 οἰκότα
1742 2850 1866 2910 ἐστὶ

262 2933 523 3013 ἀληθηΐῃ.

172 3023 283 3079 196
385 3024 635 3104 Λέγουσι
688 3025 747 3084 δὲ
796 3026 887 3085 καὶ
926 3025 1060 3085 τάδε
1107 3025 1513 3105 Καρχηδόνιοι·
1573 3025 1712 3086 εἶναι
1763 3029 1864 3102 τῆς

262 3111 484 3186 Λιβύης
524 3112 711 3192 χῶρόν
750 3139 814 3174 τε
868 3113 960 3171 καὶ
1002 3111 1324 3189 ἀνθρώπους
1365 3112 1466 3181 ἔξω
1503 3111 1864 3189 Ἠρακληΐων

264 3199 519 3270 στηλέων
546 3203 987 3278 κατοικημένους,
1016 3205 1070 3263 ἐς
1088 3200 1218 3263 τούς
1244 3199 1411 3260 ἐπεοῖν
1437 3199 1742 3260 ἀπίκωνται
1769 3203 1862 3261 καὶ

264 3279 557 3347 ἐξέλωνται
595 3287 667 3346 τά
709 3289 931 3364 φορτία,
966 3287 1152 3350 θέντες
1181 3287 1321 3346 αύτά
1348 3287 1545 3362 ἐπεξῆς
1575 3287 1731 3362 παραὶ4
1757 3288 1861 3363 τήν
