2267 3517
395 91 673 157 166-172]
967 94 1416 144 MEAIIOMENH.
1893 101 1986 147 349

392 173 445 230 οἳ
458 172 682 248 νόμοισι
699 175 804 250 μὲν
826 174 896 232 τοὶ
923 175 1077 232 πλέω
1098 175 1458 252 Αἰγυπτίοισι
1476 176 1760 250 χρέωνται,
1778 176 1991 250 ἐσθῆτα

390 263 451 320 δὲ
478 264 753 338 φορέουσι
781 263 903 336 οἴην
929 289 1033 338 περ
1058 264 1110 319 οἱ
1130 260 1303 319 ἄλλοι
1322 261 1549 335 Λίβυες·
1577 265 1636 320 αἱ
1662 263 1720 320 δὲ
1737 267 1991 342 γυναῖκες

392 349 571 409 αὐτῶν
611 351 811 427 ψέλιον
852 349 978 424 περὶ
1020 349 1249 426 ἑκατέρῃ
1288 353 1398 408 τῶν
1435 349 1680 423 κνημέων
1719 351 1989 425 φορέουσι

390 437 651 516 χάλκεον·
720 437 821 500 τὰς
862 436 1115 511 κεφαλὰς
1157 436 1214 494 δὲ
1257 440 1527 512 κομῶσαι,
1574 435 1702 499 τούς
1757 439 1989 513 φθεῖρας

392 525 557 584 ἐπεοὶν
597 523 827 602 λάβωσι
866 523 997 586 τούς
1038 527 1240 598 ἑωυτῆς
1281 523 1489 599 ἑκάστη
1543 523 1849 582 ἀντιδάκνει
1895 525 1988 584 καὶ

388 612 531 672 οὕτω
577 613 777 688 ῥίπτει·
823 610 975 670 οὗτοι
1016 611 1075 669 δὲ
1110 614 1308 686 μοῦνοι
1350 611 1578 685 Λιβύων
1618 616 1784 671 τοῦτο
1830 613 1988 693 ἐργά-

392 701 595 770 ζονται·
639 701 729 758 καὶ
760 705 835 778 τῷ
864 701 1105 774 βασιλέϊ
1131 703 1332 775 μοῦνοι
1371 698 1470 761 τᾶς
1509 700 1814 774 παρθένους
1851 704 1986 776 μελ-

391 789 605 850 λούσας
625 788 929 846 συνοικέειν
952 786 1370 845 ἐπιδεικνύουσι·
1403 786 1440 860 ἣ
1468 787 1526 844 δὲ
1553 784 1620 846 ἂν
1645 791 1722 864 τῷ
1745 789 1990 861 βασιλέϊ

391 875 604 951 α’ρεστῆ
640 877 884 955 γένηται,
922 875 1033 934 ὐπὸ
1065 874 1264 934 τούτου
1293 873 1790 949 διαπαρθενεύεται.
1847 901 1984 950 παρ-

390 961 592 1037 ήκουσι
612 963 671 1020 δὲ
698 961 851 1021 οὗτοι
880 967 933 1020 οἱ
958 962 1360 1039 Ἀδυρμαχίδαι
1387 959 1482 1019 ἀπ’
1510 961 1795 1040 Αἰγύπτου
1819 963 1986 1038 μέχρι

392 1052 615 1124 λιμένος
639 1055 715 1128 τῷ
735 1050 945 1125 οὔνομα
966 1048 1190 1112 Πλυνός
1212 1055 1352 1107 ἐστι.
1410 1048 1630 1108 Τούτων
1651 1049 1709 1106 δὲ
1727 1049 1945 1126 ἔχονται
1967 1050 2077 1107 169

394 1137 757 1216 Γιλιγάμμαι,
814 1137 1104 1212 νεμόμενοι
1158 1137 1262 1211 τήν
1314 1136 1453 1211 πρός
1509 1137 1748 1211 ἑσπέρην
1799 1136 1986 1213 χώρην

392 1225 559 1301 μέχρι
584 1223 1017 1300 Ἀφροδισιάδος
1047 1223 1244 1299 νήσου·
1287 1228 1346 1283 ἐν
1373 1223 1432 1281 δὲ
1457 1228 1532 1302 τῷ
1557 1223 1764 1298 μεταξι)
1788 1222 1986 1282 τούτου

392 1309 552 1388 χώρῳ
592 1311 629 1384 ἦ
667 1335 729 1368 τε
770 1313 1005 1369 Πλατέα
1045 1315 1220 1384 νῆσος
1272 1311 1560 1380 ἐπικέεται,
1605 1311 1708 1385 τήν
1759 1313 1987 1370 ἔκτισαν

396 1401 717 1472 Κυρηναῖοι·
762 1397 853 1456 καὶ
880 1403 937 1456 ἐν
962 1401 1033 1474 τῇ
1059 1397 1268 1476 ἠπείρῳ
1295 1398 1608 1461 Μενελάῖος
1644 1397 1816 1474 λιμήν
1845 1403 1984 1468 ἐστι,

392 1485 485 1542 καὶ
501 1484 712 1561 Ἀζιρις
735 1485 839 1561 τὴν
873 1489 926 1544 οἱ
962 1490 1270 1562 Κυρηναῖοι
1297 1488 1494 1546 οἴκεον·
1537 1488 1630 1546 καὶ
1653 1485 1720 1546 τό
1747 1487 1986 1562 σίλφιον

390 1570 618 1652 ἄρχεται
644 1573 755 1633 σῖπὸ
780 1572 997 1633 τούτου·
1038 1574 1273 1650 παρήκει
1299 1574 1358 1633 δὲ
1379 1573 1491 1633 οἷπὸ
1520 1575 1784 1649 Πλατέης
1808 1573 1985 1649 νήσου

387 1661 554 1738 μέχρι
572 1666 672 1721 τοῦ
692 1661 973 1738 στόματος
991 1665 1091 1736 τῆς
1111 1662 1341 1738 Σύρτιος
1359 1661 1425 1720 τὸ
1447 1663 1704 1738 σίλφιον.
1760 1663 1984 1736 νόμοισι

390 1747 447 1804 δὲ
500 1750 767 1825 χρέωνται
822 1747 974 1807 οὗτοι
1025 1749 1480 1823 παραπλησίοισι
1523 1753 1674 1806 τοῖσι
1722 1750 1980 1822 ἑτέροισι.

390 1837 781 1914 Γιλιγαμμέων
800 1836 859 1892 δὲ
876 1837 1094 1910 ἔχονται
1108 1834 1174 1892 τὸ
1190 1833 1330 1907 πρὸς
1346 1835 1584 1909 ἑσπέρης
1598 1834 1942 1908 Ἀσβύσται.
1965 1837 1992 1892 l
2003 1835 2079 1896 70

389 1920 543 1979 οὗτοι
567 1922 633 1979 τὸ
660 1921 797 1994 ὑπὲρ
826 1918 1084 1996 Κυρήνης
1104 1919 1366 1986 οἰκέουσι,
1391 1919 1480 1976 ἐπι
1502 1919 1805 1978 θάλασσαν
1833 1920 1892 1977 δὲ
1919 1919 1984 1978 οὐ

391 2007 697 2080 κατήκουσι
730 2003 1075 2079 Ἀσβύσται·
1095 2031 1162 2064 το
1182 2031 1290 2084 γαρ
1307 2031 1458 2080 παρα
1441 2004 1778 2064 θάλασσαν
1799 2012 1984 2082 Κυρη-

390 2117 535 2152 ναιοι
561 2094 837 2170 νέμονται·
880 2091 1332 2169 τεθριπποβαται
1369 2093 1426 2150 δὲ
1453 2091 1552 2152 οὐκ
1577 2091 1799 2168 ἥκιστα,
1829 2092 1982 2153 οἷλλα

389 2180 645 2255 μάλιστα
664 2181 894 2257 Λιβύων
916 2180 1045 2238 εἰσί·
1089 2180 1290 2256 νόμους
1317 2181 1378 2239 δὲ
1402 2179 1532 2243 τούς
1555 2183 1795 2242 πλεῦνας
1819 2182 1979 2256 μιμέ-

390 2269 553 2328 εσθαι
596 2269 979 2344 ἐπιτηδεύουσι
1020 2267 1150 2347 τούς
1185 2270 1530 2345 Κυρηναίων.
1581 2266 2071 2343 Ἀσβυστέων171

390 2355 449 2414 δὲ
475 2357 695 2434 ἔχονται
720 2355 786 2415 τό
813 2355 955 2433 πρὸς
989 2357 1229 2433 ἑσπέρης
1262 2355 1570 2434 Αὐσχίσαι.
1655 2381 1811 2415 ουτοι
1837 2354 1977 2432 ὐπὲρ

389 2443 607 2519 Βάρκης
668 2444 926 2513 οἰκέουσι,
982 2443 1316 2518 κατήκοντες
1363 2444 1454 2502 ἐπὶ
1507 2442 1809 2504 θάλασσαν
1863 2443 1980 2503 κατ’

388 2531 786 2608 Εὐεσπερίδας.
847 2531 1180 2609 Αὐσχισέων
1215 2531 1272 2589 δὲ
1307 2531 1446 2591 κατὰ
1469 2532 1647 2607 μέσον
1673 2535 1773 2606 τῆς
1797 2530 1980 2608 χώρης

388 2619 633 2677 οἰκέουσι
686 2618 976 2694 Κάβαλες,
1030 2617 1228 2698 ὀλίγον
1281 2619 1452 2688 ἔθνος,
1508 2618 1838 2693 κατήκοντες
1891 2619 1982 2677 ἐπὶ

390 2705 695 2767 θάλασσαν
732 2705 871 2765 κατὰ
906 2705 1184 2784 Ταύχειρα
1220 2705 1390 2767 πόλιν
1418 2709 1520 2782 τῆς
1551 2706 1848 2782 Βαρκαίης·
1893 2706 1980 2766 νό-

386 2819 548 2868 μοισι
588 2793 647 2852 δὲ
687 2798 839 2853 τοῖσι
876 2793 1098 2852 αὐτοῖσι
1132 2794 1402 2873 χρέωνται
1431 2797 1586 2854 τοῖσι
1621 2793 1713 2852 καὶ
1747 2796 1799 2852 οἶ
1839 2792 1979 2869 ὐπὲρ

387 2881 663 2959 Κυρήνης.
721 2881 1053 2958 Αὐσχισέων
1090 2881 1149 2939 δὲ
1189 2882 1396 2941 τούτων
1430 2881 1496 2941 τὸ
1532 2881 1672 2958 πρός
1703 2880 1940 2956 ἑσπέρης
1960 2883 2071 2938 172

386 2969 609 3048 ἔχονται
644 2973 1008 3046 Νασαμῶνες,
1038 2970 1194 3032 ἔθνος
1228 2968 1318 3028 ἐὰν
1354 2968 1596 3028 πολλόν·
1641 2967 1694 3026 οἳ
1718 2967 1782 3027 τό
1820 2968 1977 3048 θέρος

386 3057 813 3120 καταλείποντες
852 3057 943 3116 ἐπὶ
983 3062 1053 3134 τῇ
1096 3055 1366 3134 θαλάσσῃ
1405 3055 1477 3115 τοὶ
1523 3055 1805 3132 πρόβατα,
1851 3053 1978 3114 ἅνα-

386 3145 653 3216 βαίνουσι
689 3149 743 3208 ἐς
778 3143 998 3226 Αὔγιλα
1033 3147 1218 3224 χῶρον
1253 3145 1610 3224 ὀπωριεῦντες
1637 3145 1765 3208 τούς
1802 3145 1978 3221 φοίνιῆ

386 3257 503 3294 κας·
544 3236 599 3293 οἱ
638 3233 697 3293 δὲ
736 3233 947 3294 πολλοὶ
986 3234 1079 3292 καὶ
1116 3233 1479 3312 ἀμφιλαφέες
1513 3234 1818 3312 πεφύκασι,
1843 3233 1978 3301 ’κτάνε
