2267 3517
276 92 340 140 46
897 91 1262 141 ἨΡΟΔΟΤΟΤ
1806 88 1878 153 [I.

277 170 372 228 ἐπὶ
396 173 497 230 τοῦ
527 172 659 245 νηοῦ
684 170 784 231 τᾶν
804 169 968 230 οὗδον
990 173 1218 247 εἰρωτᾶν
1239 172 1287 229 εἲ
1313 167 1378 229 οὗ
1404 194 1460 228 τι
1487 166 1883 247 ἐπαισχύνεται

275 246 430 315 τοῖσι
460 258 784 333 μαντηιοισι
820 256 1028 335 ἐπάρας
1065 261 1322 334 Κροῖσον
1353 256 1815 333 στρατεύεσθαι’
1791 255 1883 313 επὶ

277 344 508 419 Πέρσας
534 371 606 407 ως
633 346 1066 406 καταπαύσοντα
1089 344 1194 420 τὴν
1220 343 1413 421 Κύρου
1440 341 1731 418 δύναμιν’
1696 342 1789 401 απ’
1814 341 1884 418 ἧς

277 434 332 490 οἶ
353 432 640 508 ἀκροθίνια
663 438 896 493 τοιαῦτα
914 434 1203 515 γενέσθαι;
1238 430 1548 494 δεικνύντας
1567 429 1668 493 τοὶς
1693 432 1880 501 πέδας,

277 519 454 579 ταῦτα’.
491 544 554 579 τε
593 524 892 597 ἐπειρωτᾶν
930 521 1023 579 καὶ
1060 524 1108 580 εἰ
1144 518 1507 598 ἀχαρίστοισι
1544 516 1714 593 νόμος
1744 518 1883 578 εἶναι

182 608 254 666 91
275 610 429 666 τοῖσι
468 606 858 683 Ἑλληνικοῖσι
900 609 1116 677 θεοῖσι;
1170 605 1592 683 Ἀπικομένοισι
1632 605 1691 664 δὲ
1727 607 1883 665 τοῖσι

278 694 518 753 Λυδοῖσι
567 696 658 754 καὶ
705 696 942 777 λέγουσι
983 694 1056 755 ταῖ
1102 695 1471 771 ἐντεταλμένα
1515 691 1622 769 τήν
1662 694 1882 769 Πυθίην

275 782 504 863 λέγεται
545 786 716 843 εἰπεῖν
755 783 906 843 τάδε·
949 783 1096 860 “τήν
1127 782 1491 859 πεπρωμένην
1522 784 1725 856 μοῖραν
1756 780 1881 839 ἀδύ-

276 869 416 929 νατά
442 876 566 930 ἐστι
591 869 932 951 ἅποφυγέειν
959 872 1052 929 καὶ
1085 871 1209 949 θεῷ·
1252 872 1503 945 Κροῖσος
1534 868 1594 927 δὲ
1623 868 1880 945 πέμπτου

274 958 468 1038 γονέος
493 957 786 1035 αμαρτάδα
811 956 1164 1033 ἐξέπλησε,
1131 983 1195 1020 ος
1220 955 1321 1016 ἐῶν
1342 954 1653 1033 δορυφόρος
1675 955 1881 1033 Ηρακ-

274 1046 514 1115 λειδέων,
549 1045 698 1124 δόλω
729 1072 1026 1127 γυναικηιῳ
1059 1043 1434 1120 ἐπισπόμενος
1470 1042 1743 1119 ἐφόνευσε
1779 1043 1879 1103 τὸν

277 1132 569 1203 δεσπότεα,
599 1134 690 1191 καὶ
719 1135 854 1213 ἔσχε
877 1134 982 1210 τήν
1009 1133 1217 1194 ἐκείνου
1243 1131 1411 1209 τιμὴν
1438 1130 1597 1190 ουδέν
1624 1134 1677 1189 οἶ
1702 1156 1877 1208 προσ-

274 1220 544 1296 ήκουσαν.
627 1222 1078 1299 προθυμεομένου
1115 1220 1176 1279 δὲ
1207 1220 1435 1289 Λοξίεω,
1469 1217 1607 1281 ὅκως
1636 1216 1707 1278 ἂν
1738 1219 1877 1279 κατὰ

273 1308 404 1371 τούς
428 1308 630 1371 παῖδας
653 1308 784 1372 τούς
811 1309 1067 1386 Κρδίσου
1092 1307 1314 1389 γένοιτο
1338 1306 1405 1367 τό
1434 1307 1682 1384 Σαρδίων
1700 1306 1880 1371 πάθος

276 1396 371 1455 καὶ
413 1395 495 1472 μή
543 1394 660 1455 κατ’
709 1394 874 1455 αὖτόν
923 1398 1191 1473 Κροῖσον,
1238 1393 1339 1454 οὐκ
1386 1392 1503 1457 οἶός
1544 1419 1608 1453 τε
1662 1395 1876 1474 ἐγένετο

272 1486 620 1563 παραγαγεῖν
645 1483 862 1559 μοίρας·
897 1482 1038 1543 ὅσον
1059 1484 1119 1542 δὲ
1148 1483 1411 1542 ἐνέδωκαν
1432 1479 1593 1542 αὗται
1609 1480 1875 1557 ἠνύσατο,

274 1572 366 1629 καὶ
407 1570 713 1649 ἐχαρίσατό
755 1574 827 1630 οἶ·
868 1572 998 1647 τρία
1035 1570 1148 1652 γοὶρ
1190 1571 1315 1631 ἔτεα
1350 1568 1733 1646 ἐπανεβάλετο
1771 1570 1876 1646 τήν

275 1658 523 1736 Σαρδίων
547 1657 782 1719 ἅλωσιν·
825 1660 918 1719 καὶ
948 1663 1116 1720 τοῦτο
1149 1657 1473 1720 ἐπιστάσθω
1511 1661 1777 1735 Κροῖσος,
1805 1658 1877 1722 ὥς

269 1745 508 1824 ὕστερον
533 1750 688 1806 τοῖσι
715 1747 865 1807 ἔτεσι
879 1747 1145 1807 τούτοισι
1170 1746 1343 1809 ἆλοῦς
1371 1750 1473 1823 τῆς
1496 1747 1873 1823 πεπρωμένης.

272 1834 500 1912 δεύτερα
531 1834 592 1894 δὲ
621 1834 846 1907 τούτων,
875 1838 1146 1915 καιομένω
1179 1834 1325 1914 αὐτῷ
1357 1834 1649 1910 ἐπήρκεσε.
1734 1834 1876 1893 κατοὶ

272 1923 333 1981 δὲ
376 1948 444 1982 το
483 1922 762 2001 μαντήϊον
799 1923 866 1984 τό
906 1922 1221 2004 γενόμενον,
1264 1948 1365 1983 ουκ
1404 1921 1583 1999 ὀρθῶς
1624 1924 1875 1998 Κροῖσος

267 2006 572 2087 μέμφεται.
639 2011 984 2093 προηγόρευε
1007 2010 1120 2093 γάρ
1148 2015 1203 2071 οἱ
1228 2006 1512 2087 Λοξίης,
1476 2034 1547 2086 ην
1573 2008 1873 2087 στρατεύη-

268 2124 363 2159 ται
403 2099 496 2158 ἐπὶ
535 2100 767 2177 Πέρσας
804 2100 1063 2181 μεγάλην
1095 2097 1277 2178 αρχὴν
1308 2097 1477 2158 αὗτον
1518 2096 1871 2157 καταλύσειν·

270 2186 370 2246 τόν
407 2186 468 2245 δὲ
506 2186 648 2263 πρός
677 2192 854 2248 ταῦτα
885 2192 1034 2266 χρῆν
1066 2185 1126 2245 εὖ
1157 2188 1445 2264 μέλλοντα
1475 2184 1872 2261 βουλεύεσθαι,

273 2273 594 2350 ἐπείρεσθαι
617 2274 920 2352 πέμψαντα
948 2274 1148 2350 κότερα
1167 2272 1271 2349 τὴν
1286 2276 1486 2332 ἑωυτοῦ
1504 2271 1542 2349 ἢ
1564 2272 1668 2348 τήν
1683 2271 1875 2348 Κύρου

271 2361 434 2441 λέγοι
473 2358 688 2438 α’ρχήνς
733 2359 799 2420 οὗ
840 2359 1158 2437 συλλαβῶν
1190 2360 1250 2419 δὲ
1280 2359 1347 2419 τό
1380 2361 1563 2437 ῥηθὲν,
1599 2358 1711 2429 οὐδ’
1745 2365 1875 2419 ἐπα·

272 2446 600 2523 νειρόμενος,
658 2446 860 2507 ἐωυτόν
913 2446 1092 2507 αἴτιον
1144 2446 1517 2520 ἀποφαινέτω·
1571 2444 1615 2525 ᾧ
1667 2448 1759 2505 καὶ
1806 2446 1875 2507 τό

271 2538 592 2595 τελειπαῖον
637 2533 1167 2614 χρηστηριαζομένῳ
1214 2532 1335 2591 εἶπε
1378 2533 1452 2593 τοὶ
1499 2532 1618 2591 εἶπε
1670 2534 1878 2611 Λοξίης

277 2622 406 2700 περὶ
445 2620 697 2698 ἡμιόνου,
740 2621 866 2681 οὐδὲ
903 2625 1072 2683 τοῦτο
1113 2621 1421 2697 συνέβαλε·
1472 2619 1544 2696 ἦν
1582 2618 1693 2701 γοῖρ
1735 2620 1804 2696 δή
1844 2620 1878 2682 ὅ

277 2713 466 2787 Κῦρος
505 2706 667 2773 οὗτος
704 2708 952 2785 ἦμίονος·
995 2713 1056 2769 ἐκ
1093 2707 1205 2791 γὰρ
1240 2708 1391 2767 δυοῖν
1432 2706 1532 2768 οὔκ
1572 2708 1880 2785 ὁμοεθνέων

277 2796 542 2878 ἐγεγόνεε,
570 2796 781 2875 μητρὸς
809 2796 1095 2874 ἀμείνονος
1124 2796 1337 2874 πατρός
1368 2796 1427 2855 δὲ
1456 2795 1878 2875 ὑποδεεστέρου·

277 2884 317 2961 ἦ
348 2886 452 2961 μὲν
487 2884 600 2966 γοὶρ
639 2884 712 2960 ἦν
751 2886 938 2962 Μηδὶς
978 2886 1071 2944 καὶ
1108 2883 1452 2965 Ἀστυάγεος
1492 2884 1739 2994 θυγάτηρ
1778 2888 1880 2944 τοῦ

278 2972 490 3049 Μήδων
512 2972 870 3048 βασιλέος,”
837 3000 870 3032 ο
905 2972 965 3032 δὲ
995 2973 1229 3050 Πέρσης
1256 2997 1320 3033 τε
1351 2971 1422 3047 ἦν
1448 2972 1541 3031 καὶ
1572 2971 1883 3051 ἀρχόμενος

275 3059 368 3120 ὕπ’
404 3061 682 3121 ἐκείνοισι·
725 3059 818 3120 καὶ
849 3060 1056 3167 ἔνερθε
1063 3060 1166 3120 ἐων
1195 3064 1350 3119 τοῖσι
1381 3086 1578 3129 απασι,
1613 3060 1882 3137 δεσποίνῃ

277 3152 352 3226 τῇ
378 3152 580 3210 ἑωυτοῦ
597 3146 884 3209 συνοίκεεῖ
953 3152 1128 3208 ταῦτα
1154 3151 1258 3226 μὲν
1276 3147 1314 3224 ἦ
1344 3147 1584 3224 Πυθίη“
1551 3146 1883 3224 υπεκρίνατο

277 3238 433 3296 τοῖσι
460 3236 717 3307 Λυδοῖσι,
752 3238 808 3296 οἱ
839 3235 899 3295 δὲ
929 3234 1222 3312 ἀνήνεικαν
1256 3240 1311 3299 ἐς
1344 3235 1545 3313 Σάρδις
1579 3233 1671 3293 καὶ
1704 3230 1885 3312 οἷπήγ·

2231 2576 2232 2595 ᾼ
2231 2558 2232 2561 „
2231 2532 2232 2547 μ
2220 2302 2233 2513 ᾼᾼᾼᾼᾼΙὲ
