2267 3517
383 84 601 170 σει-ἅς]
687 141 693 145 .
972 106 1422 156 ΜΕΛΠΟΜΕΝΗ.
1733 140 1736 144 -
1876 111 1969 162 3⁰7

382 183 660 256 άκινάκεα,
702 187 799 245 καὶ
844 185 1083 256 ὄῖστούς,
1128 186 1224 244 καὶ
1263 182 1522 264 σάγαριν,
1565 183 1659 244 καὶ
1698 183 1970 247 ἀκόντιον·

382 272 551 332 ε’πεᾶν
581 273 641 332 δὲ
678 277 853 333 ταῦτα
888 272 1190 349 ποιήσωσι,
1233 271 1592 350 κατεύχονται
1627 271 1839 342 πολλὰ,
1879 275 1972 334 καὶ

382 361 571 420 ἔπειτα
608 360 947 421 ἀποπίνουσι
981 359 1144 420 αὐτοί
1169 385 1232 420 τε
1257 364 1310 420 οἱ
1335 360 1402 420 τό
1419 359 1617 437 ’ὅρκιον
1641 359 1971 438 ποιεύμενοι,

382 448 475 507 καὶ
500 451 609 508 τῶν
636 449 915 524 ἑπομένων
943 451 997 508 οἶ
1022 449 1298 508 πλείστου
1323 447 1489 518 ἄξιοι.

462 536 654 612 Ταφαὶ
686 536 745 594 δὲ
778 539 895 594 ’τῶν
924 535 1217 612 βασιλέων
1251 541 1309 596 ἐν
1341 536 1604 612 Γέρροισι
1639 535 1764 606 εἶσὶ,
1793 539 1849 598 ἐς
1881 534 1914 596 ὃ
1939 535 1971 596 ὅ
1989 536 2060 598 71

381 621 735 698 Βορυσθένης
761 627 885 682 ε’στι
909 621 1301 699 προσπλωτός.
1384 622 1634 691 ε’νθαῦτα,
1662 621 1826 681 ἐπεάν
1859 629 1974 700 σφι

382 707 635 788 ἀποθάνῃ
676 709 708 769 ὁ
745 708 1041 786 βασιλεύς,
1075 707 1293 788 ὄρυγμα
1331 713 1436 790 γῆς
1475 710 1622 790 μέγα
1659 709 1974 785 ὀρύσσουσι

379 796 741 876 τετράγωνον·
784 800 1005 872 ἑτοῖμον
1045 797 1105 856 δὲ
1143 799 1310 856 τοῦτο
1347 794 1696 871 ποιήσαντες,
1725 796 1972 875 ἀναλαμ-

380 883 627 958 βαίνουσι
659 884 759 944 τόν
788 884 998 961 νεκρὸν,
1027 883 1544 960 κατακεκηρωμένον
1567 885 1670 958 μὲν
1693 883 1759 943 τό
1788 889 1970 961 σῶμα,

380 969 485 1045 τήν
511 971 569 1030 δὲ
595 972 761 1048 νηδυν
788 971 1238 1051 ἀνασχισθεῖσαν
1263 972 1356 1030 καὶ
1383 971 1771 1047 καθαρθεῖσαν,
1791 973 1972 1048 πλέην

382 1059 621 1167 κυπέρου
673 1060 1011 1136 κεκομμένου
1062 1058 1157 1118 καὶ
1208 1057 1551 1136 θυμιήματος
1603 1060 1695 1118 καὶ
1747 1060 1972 1118 σελίνου

374 1146 703 1220 ,σπέρματος
739 1147 830 1205 καὶ
864 1146 1127 1222 α’ννήσου,
1161 1146 1612 1223 συνερραμμένην
1646 1145 1846 1216 ὀπίσω,
1878 1147 1971 1205 καὶ

384 1233 739 1307 κομίζουσι’
712 1260 771 1293 εν
806 1233 993 1312 αμάξῃ
1029 1239 1084 1298 ἐς
1122 1233 1274 1293 αλλο
1311 1235 1482 1297 ἔθνος·
1525 1259 1579 1301 οι
1607 1233 1654 1292 δ’
1691 1260 1760 1294 αν
1793 1259 1969 1311 παρα-

346 1315 349 1319 ’
382 1313 641 1389 δέξωνται
674 1322 1017 1397 κομισθέντα
1049 1321 1149 1382 τὸν
1179 1321 1387 1400 νεκρόν,
1413 1325 1636 1381 ποιεῦσι
1664 1321 1736 1382 τά
1767 1348 1874 1400 περ
1917 1325 1972 1382 οἱ

380 1407 683 1484 βασιλήϊοι
722 1408 947 1472 Σκύθαι·
994 1413 1096 1469 τοῦ
1137 1408 1274 1474 ὦτός
1311 1408 1738 1487 ἀποτάμνονται,
1777 1410 1971 1489 τρίχας

322 1525 333 1534 ·
380 1497 797 1574 περικείρονται,
813 1497 1125 1575 βραχίονας
1143 1497 1585 1574 περιτάμνονται,
1603 1497 1858 1575 μέτωπὀν
1879 1498 1970 1557 καὶ

297 1659 301 1663 ῃ
378 1586 507 1660 ῥῖνα
527 1584 1000 1660 καταμύσσονται,
1018 1584 1109 1644 διοὶ
1134 1588 1236 1660 τῆς
1260 1585 1637 1663 τελοῖριστερῆς
1661 1586 1826 1666 χερός
1851 1585 1970 1646 ‹320-

378 1670 510 1734 τούς
544 1671 949 1749 διαβυνέονται·
992 1673 1242 1732 ἐνθεῦτεν
1275 1672 1335 1732 δὲ
1371 1675 1663 1750 κομίζουσι
1695 1679 1752 1734 ἐν
1783 1673 1968 1752 ἁμάξῃ
2014 1747 2018 1752 .

377 1757 481 1819 τᾶν
507 1761 665 1820 νέκυν
694 1764 795 1821 τοῦ
825 1760 1105 1836 βασιλέος
1137 1764 1192 1823 ἐς
1221 1758 1372 1820 ἄλλο
1401 1762 1554 1823 ἔθνος
1578 1764 1686 1820 τῶν
1713 1759 1970 1839 ἄρχουσι·

380 1845 459 1926 (οἶ
486 1847 549 1906 δέ
565 1853 679 1924 σφι
704 1848 931 1915 ἕπονται
958 1852 1013 1911 ἐς
1036 1846 1167 1910 τούς
1191 1847 1459 1924 πρότερον
1477 1847 1698 1927 ἦλθον)
1727 1848 1893 1908 ε’πεοῖν
1911 1849 1972 1907 δὲ

380 1932 591 1998 πάντας
614 1936 953 2011 περιέλθωσι
976 1934 1076 1995 τᾶν
1102 1935 1262 1994 νέκυν
1281 1935 1610 2010 κομίζοντες,
1629 1939 1686 1994 ἐν
1712 1935 1973 2011 Γέρροισι
2037 2007 2045 2014 ·

383 2019 597 2098 ἔσχατα
626 2023 1080 2098 κατοικημένοισί
1103 2026 1214 2082 εἶσι
1238 2020 1562 2095 τῶνέθνέων
1579 2025 1688 2080 τῶν
1715 2020 1970 2100 ἄρχουσι,

384 2107 477 2165 καὶ
497 2111 557 2167 ἐν’
570 2113 707 2187 τῇσι
724 2114 965 2188 ταφῇσι·
992 2110 1086 2169 καὶ
1105 2111 1310 2180 ἔπειτα,
1327 2109 1494 2168 ε’πεοῖν
1513 2109 1682 2169 θέωσι
1696 2106 1795 2168 τόν
1814 2109 1972 2182 νέκυις

382 2197 441 2253 ἐν
464 2197 601 2272 τῇσι
632 2195 841 2274 θήκῃσι
874 2197 966 2256 ἐπὶ
1001 2197 1290 2274 στιβάδος,
1315 2195 1738 2274 παραπήξαντες
1768 2197 1974 2275 αἰχμάς

382 2282 535 2342 ἔνθεν
578 2283 672 2342 καὶ
712 2285 864 2344 ἔνθεν
904 2288 1005 2344 τοῦ
1048 2290 1258 2362 νεκροῦ,
1287 2285 1430 2355 ξύλα
1463 2283 1845 2361 ὑπερτείνουσι
1879 2285 1970 2343 καὶ

380 2368 570 2429 ἔπειτα
607 2371 731 2449 ῥιψὶ
771 2371 1266 2453 καταστεγάζουσι·
1309 2377 1368 2431 ἐν
1407 2373 1468 2432 δὲ
1505 2377 1576 2452 τῇ
1616 2375 1791 2450 λοιπῇ
1825 2371 1972 2449 εὐρυ-

379 2457 555 2536 χωρίῃ
588 2462 705 2533 τῆς,
721 2459 909 2535 θήκης,
934 2464 1043 2520 τῶν
1076 2460 1412 2522 παλλακέων
1441 2485 1504 2520 τε
1539 2460 1673 2537 μίαν
1704 2459 1971 2529 ἀποπνίξ-

382 2566 539 2608 αντες
572 2545 867 2616 θάπτουσι,
895 2548 987 2606 καὶ
1020 2546 1119 2608 τόν
1152 2546 1420 2626 οἰνοχόον,
1449 2549 1541 2606 καὶ
1573 2539 1854 2627 μάγειρον,
1883 2547 1976 2606 καὶ

383 2631 714 2709 ἱπποκόμον,
768 2634 861 2692 καὶ
917 2632 1187 2710 διήκονον,
1242 2636 1335 2693 καὶ
1394 2634 1827 2715 ἀγγελιηφόρον,
1883 2634 1974 2693 καὶ

383 2719 599 2790 ἵππους,
617 2721 709 2780 καὶ
732 2725 841 2781 τῶν
866 2719 1057 2781 ἄλλων
1076 2721 1333 2782 ἁπάντων
1359 2721 1632 2800 α’παρχοὶς,
1651 2723 1742 2780 καὶ
1765 2721 1974 2804 φιάλας

378 2809 642 2884 χρυσέας·
690 2807 1032 2888 (α’ργύρῳδὲ
1072 2808 1230 2868 οὐδὲν
1269 2808 1396 2868 οὐδὲ
1434 2812 1629 2888 χαλκῷ
1665 2807 1974 2887 χρέωνται·)

378 2899 555 2954 ταῦτα
574 2895 634 2954 δὲ
659 2895 1008 2970 ποιήσαντες,
1027 2900 1199 2974 χοῦσι
1224 2896 1426 2960 πάντες
1451 2900 1616 2974 χῶμα
1631 2897 1794 2975 μέγα,
1812 2895 1974 2970 ἅμιλ-

378 2981 647 3059 λεῶμενοι
688 2983 779 3041 καὶ
819 2983 1260 3060 προθυμεόμενοι
1300 2983 1372 3063 αἷς
1409 2984 1680 3062 μέγιστον
1719 2985 1967 3055 ποιῆσαι.

378 3066 665 3129 Ἐνιαυτοῧ
705 3070 765 3128 δὲ
804 3071 1260 3146 περιφερομένου,
1290 3070 1442 3133 αὖτις
1480 3074 1704 3128 ποιεῦσι
1743 3067 1972 3127 τοιόνδε·
1993 3068 2068 3130 72

379 3156 659 3232 λαβόντες
692 3161 801 3217 τῶν
835 3161 1049 3218 λοιπῶν
1086 3155 1592 3234 θεραπόντων-τούς
1619 3153 1974 3230 ἐπιτηὸεωτά-

373 3268 527 3323 τους·
556 3245 634 3324 (οἱ
660 3244 723 3304 δέ
746 3249 857 3304 εἶσι
879 3242 1089 3324 Σκύθαι
1116 3245 1381 3324 ἐγγενέες·
1407 3239 1561 3300 οὗτοι
1585 3240 1696 3322 γοῖρ
1724 3240 1790 3316 δή
1820 3242 1976 3318 θερα·
