2267 3517
296 184 306 193 -
370 160 523 225 1—4]
1015 160 1340 211 mmpnn.
1875 163 1970 211 109

371 240 464 299 καὶ
506 239 742 321 ἐγένετο·
797 263 869 301 ως
905 237 1019 318 γοὶρ
1054 237 1235 312 διέτης
1277 235 1478 317 χρόνος
1517 235 1768 344 ἐγεγόνεε
1795 240 1974 295 ταῦτα

367 330 445 404 τῷ
498 324 723 402 ποιμένι
772 322 1110 402 πρήσσοντι,
1172 324 1450 406 ἀνοίγοντι
1499 323 1604 399 τήν
1655 322 1826 399 θύρην
1879 322 1972 383 καὶ

369 412 581 473 ἐσιόντι
623 411 698 472 τοὶ
752 411 947 471 παιδία
990 410 1287 489 ἀμφότερα
1327 412 1759 489 προσπίπτοντα
1802 408 1976 486 βεκος

371 498 629 574 ἐφώνεον,
674 498 945 581 ὀρέγοντα
989 499 1089 562 τοὶς
1129 503 1336 577 χεῖρας·
1395 498 1467 559 τοὶ
1517 500 1621 575 μὲν
1665 496 1736 573 δὴ
1781 502 1976 575 πρῶτα

369 586 614 650 οἰκούσας
638 586 853 667 ἥσυχος
883 586 956 662 ἦν
990 586 1023 647 ὅ
1056 586 1284 663 ποιμήν,
1314 585 1386 649 ὥς
1421 586 1480 645 δὲ
1505 584 1754 644 πολλάκι
1786 585 1972 661 φοιτέ-

368 700 488 736 οντι
533 676 626 735 καὶ
672 674 1055 753 ἐπιμελομένῳ
1100 673 1324 734 πολλὰν
1368 673 1438 749 ἦν
1488 677 1656 734 τοῦτο
1706 670 1774 733 τὸ
1824 673 1972 745 ἔπος,

368 761 509 822 οὕτω
549 762 618 839 δή
660 762 919 841 σημῄνας
952 768 1031 842 ’τῷ
1066 761 1315 840 δεσπότῃ
1345 760 1526 842 ἤγαγε
1559 760 1632 820 τοὶ
1657 760 1853 819 παιδία
1886 786 1972 821 κε-

367 849 675 913 λεύσαντος
701 855 757 913 ἐς
781 849 914 928 ὄψιν
935 849 1041 925 τὴν
1066 850 1296 909 ἐκείνου·
1337 848 1585 911 οἰκούσας
1609 848 1670 907 δὲ
1695 849 1786 907 καὶ
1807 848 1973 913 αύτός

368 936 401 997 ὅ
431 938 801 1018 Ψαμμίτιχος,
850 936 1186 998 ἐπυνθάνετο
1223 937 1419 1000 οἵτινες
1457 935 1757 1013 ἀνθρώπων
1795 935 1968 1013 βεκός

364 1050 422 1084 τι
410 1025 736 1086 ’καλέουσν
788 1024 1200 1102 πυνθανόμενος
1225 1024 1287 1084 δὲ
1314 1024 1534 1102 εὕρισκε
1559 1024 1781 1104 Φρύγας
1807 1024 1968 1083 καλέ-

366 1134 531 1176 οντας
576 1112 677 1174 τᾶν
730 1138 921 1191 αρτον·
1010 1111 1153 1172 οὕτω
1204 1108 1606 1191 συνεχώρησαν
1657 1110 1969 1193 Αἰγύπτιοι,

368 1200 461 1258 καὶ
485 1190 715 1260 τοιούτω
742 1200 1212 1277 σταθμησάμενοι
1240 1200 1548 1281 πρήγματι,
1585 1224 1716 1261 τους
1745 1196 1969 1280 Φρύγας

366 1288 788 1365 πρεσβυτέρους
814 1288 1003 1347 εἶναι
978 1292 1208 1349 εωυτῶν.
1277 1284 1420 1347 Ὧδε
1444 1289 1548 1365 μὲν
1570 1286 1834 1369 γενέσθαι
1858 1312 1968 1347 των
1984 1289 2023 1349 3

368 1375 525 1451 ἱρέων
562 1380 663 1435 τοῦ
688 1375 1011 1453 Ἡφαίστου
1054 1381 1113 1435 ἐν
1153 1374 1362 1453 Μέμφι
1395 1374 1617 1451 ἤκουον.
1688 1374 1966 1452 Ἕλληνες

366 1462 429 1522 δὲ
451 1463 689 1544 λέγουσι
715 1462 870 1523 ἅλλα
893 1488 957 1522 τε
986 1462 1198 1539 μάταια
1228 1463 1442 1533 πολλὰ,
1484 1464 1578 1523 καὶ
1603 1461 1674 1526 ὥς
1697 1466 1964 1544 γυναικῶν

362 1552 465 1615 τοῖς
506 1551 780 1634 γλώσσας
829 1551 863 1611 ὅ
906 1551 1262 1630 Ψαμμίτιχος
1313 1551 1562 1629 ἐκταμὼν
1597 1551 1704 1628 τήν
1756 1551 1968 1612 δίαιταν

364 1639 533 1705 οὕτως
576 1640 885 1717 ἐποιήσατο
928 1642 1039 1699 τῶν
1090 1639 1302 1699 παίδων
1352 1639 1507 1717 παρὰ
1551 1639 1792 1719 ταύτῃσι
1827 1642 1965 1717 τῇσι

360 1729 597 1809 γυναιξί.
678 1728 822 1789 κατοὶ
858 1729 966 1805 μὲν·
1003 1726 1073 1802 δή
1105 1725 1214 1803 τήν
1251 1727 1473 1805 τροφήν
1504 1732 1616 1789 τῶν
1641 1727 1851 1787 παίδων
1873 1752 1968 1788 το-

361 1820 546 1877 σαῦτα
570 1818 785 1898 ἔλεγον·
837 1814 1057 1891 ἤκουσα
1082 1815 1144 1874 δὲ
1169 1815 1260 1874 καὶ
1286 1814 1440 1875 ἅλλα
1467 1820 1526 1876 ἐν
1552 1816 1760 1892 Μέμφι
1786 1814 1966 1875 ἐλθῶν

361 1907 417 1967 ἐς
448 1903 655 1985 λόγους
683 1906 839 1965 τοῖσι
880 1906 1061 1980 ἱρεῦσι
1095 1905 1196 1962 τοῦ
1221 1902 1567 1979 “Ηφαίστου.
1651 1904 1742 1962 καὶ
1775 1902 1844 1977 δὴ
1872 1903 1965 1961 καὶ

362 1994 419 2053 ἐς
470 1991 671 2069 Θήβας
721 2017 785 2052 τε
838 1991 931 2050 καὶ
986 1994 1041 2053 ἐς
1089 1989 1465 2050 Ἡλιούπολιν
1526 1988 1707 2049 αὐτῶν
1758 1988 1966 2049 τούτων

362 2078 565 2139 εἵνεκεν
601 2078 934 2155 ἐτραπόμην,
984 2079 1190 2149 ἐθέλων
1234 2078 1432 2137 εἰδέναι
1473 2082 1521 2138 εἰ
1563 2075 1963 2153 συμβήσονται

361 2168 516 2224 τοῖσι
546 2164 777 2245 λόγοισι
808 2170 963 2225 τοῖσι
1000 2172 1057 2226 ἐν
1093 2166 1322 2243 Μέμφι·
1375 2168 1430 2225 οἶ
1463 2159 1964 2246 γὰρ’*Ηλιουπ-ολῖ·

361 2262 456 2311 τα·ι
475 2252 737 2333 λέγονται
752 2254 1066 2334 Αἰγυπτίων
1094 2253 1234 2314 εἶναι
1258 2251 1606 2335 λογιώτατοι·
1648 2251 1720 2312 τοὶ
1738 2251 1844 2329 μέν
1867 2276 1966 2312 νυν

364 2340 490 2399 θεῖα
529 2344 639 2400 τῶν
678 2340 1057 2422 ἀπηγημάτων
1100 2342 1194 2401 οἶα
1233 2339 1436 2417 ἤκουον
1480 2339 1581 2401 ούκ
1625 2341 1736 2417 εἰμὶ
1777 2338 1980 2417 πρόθυ-

363 2453 471 2505 μος
506 2428 847 2509 ἐξηγέεσθαι,
894 2430 995 2499 ἔξω
1024 2427 1063 2506 ἢ
1094 2428 1186 2489 τὰ·
1205 2428 1486 2507 οἰνόματα
1523 2428 1702 2489 αὐτῶν
1740 2433 1963 2507 μοῦνον,

363 2516 598 2592 νομίζων
622 2516 831 2579 πάντας
860 2516 1182 2599 ἀνθρώπους
1217 2517 1344 2578 ἴσον
1373 2518 1503 2595 περὶ
1529 2516 1707 2578 αὐτῶν
1733 2518 1962 2576 ἐπίστα-

364 2604 523 2663 σθαι·
566 2603 639 2663 τὰ
677 2604 725 2663 δ’
764 2603 834 2665 ἂν
874 2602 1201 2682 ἐπιμνησθῶ
1239 2604 1435 2677 αὐτῶν,
1485 2604 1596 2665 dm}
1645 2609 1748 2666 τοῧ
1785 2603 1964 2686 λόγου

365 2690 869 2772 ἐξαναγκαζόμενος
896 2692 1411 2771 ἐπιμνησθήσομαι.
1482 2691 1644 2753 Ὅσα
1674 2693 1735 2752 δὲ
1759 2690 1964 2771 ἅνθρω-
1981 2692 2020 2751 4

363 2777 507 2854 πήῖα
556 2778 862 2860 πρήγματα
910 2778 1016 2839 ὦδε
1068 2782 1264 2861 ἔλεγον
1317 2780 1717 2863 ὁμολογέοντες
1769 2781 1960 2857 σφίσι·

364 2865 614 2945 πρώτους
659 2870 992 2947 Αἰγυπτίους
1042 2866 1345 2946 ἀνθρώπων
1396 2868 1651 2929 ἁπάντων
1704 2868 1966 2945 ἐξευρέειν

365 2954 465 3016 τᾶν
491 2953 753 3029 ἐνιαυτόν,
782 2955 1023 3015 δυώδεκα
1052 2956 1227 3033 μέρεα
1259 2956 1606 3034 δασαμένους
1638 2958 1750 3015 τῶν
1781 2955 1962 3031 ὁρέων

367 3048 423 3105 ἐς
449 3041 635 3103 αύτόν·
690 3045 864 3102 ταῦτα
890 3044 949 3103 δὲ
985 3044 1249 3121 ἐξευρέειν
1275 3049 1336 3103 ἐκ
1360 3049 1470 3104 τῶν
1496 3042 1717 3120 ἄστρων
1743 3042 1958 3122 ἔλεγον·

366 3156 571 3214 αγουσι
597 3131 658 3191 δὲ
681 3132 893 3210 τοσῷδε
920 3131 1248 3208 σοφώτερον
1270 3130 1623 3207 Ἐλλήνων,’
1597 3154 1720 3205 εμοι
1698 3128 1964 3197 δοκέειν,

366 3218 483 3301 ὅσω
498 3218 781 3297 Ἕλληνες
804 3222 909 3296 μὲν
934 3219 1025 3279 διοὶ
1054 3220 1244 3297 τρίτου
1272 3220 1418 3281 ἔτεος
1446 3216 1762 3293 ἐμβόλιμον
1794 3218 1962 3290 ἐπεμ-

366 3280 663 3388 βάλλουσι
700 3311 813 3369 τῶν
840 3306 1020 3389 ώρέων
1044 3308 1264 3378 εἵνεκεν,
1290 3304 1586 3385 Αἰγύπτιοι
1617 3298 1679 3359 δὲ
1715 3324 1964 3377 τριηκον-
