2267 3517
308 125 409 175 150
917 119 1282 173 ἮΡοΔοτοί·
1797 114 1902 185 [Π.

305 204 491 263 λωτοῦ
512 202 714 263 τούτου
744 200 997 279 ἐδωδίμη,
1026 200 1117 259 καὶ
1152 198 1464 281 ἐγγλύσσει
1491 199 1780 271 ἐπιεικέως,
1811 200 1903 262 ἐὸν

312 288 671 371 στρογγύλον
695 287 942 369 μέγαθος
968 286 1109 348 κατὰ
1136 290 1343 364 μῆλον.
1401 288 1524 346 ἔστι
1550 288 1609 346 δὲ
1636 287 1728 346 καὶ
1748 286 1902 347 ἄλλα

306 377 493 455 κρίνεα
521 377 742 454 ῥόδοισι
779 378 1041 454 ἐμφερέα,
1071 381 1129 435 ἐν
1153 380 1231 455 τῷ
1255 379 1488 454 ποταμῷ
1512 374 1777 457 γινόμενα
1810 377 1902 436 καὶ

306 468 498 535 ταῦτα,
521 462 648 533 ἐξ
608 489 681 524 ων
708 490 739 523 ο
769 464 980 541 καρπός
1006 467 1065 523 ἐν
1089 462 1244 543 ἄλλῃ
1272 462 1472 522 καλυκι
1497 465 1901 544 παραφυομένῃ

306 556 368 610 ἐκ
392 556 493 627 τῆς
517 552 671 629 ῥίζης
687 552 916 633 γίνεται,
939 551 1106 631 κηρίω
1126 554 1365 627 σφηκῶν
1385 550 1582 626 ἰδέην
1550 550 1899 627 ομοιότατον·

306 644 366 699 ἐν
409 638 587 699 τούτω
625 638 841 717 τρωκτᾶ
884 638 1023 699 ὅσον
1066 664 1130 699 τε
1171 638 1352 715 πυρήν
1394 639 1608 714 ἐλαίης
1627 640 1900 720 ἐγγίνεται

302 725 507 805 συχνά·
547 724 819 807 τρώγεται
845 726 905 786 δὲ
937 727 1028 785 καὶ
1055 725 1252 785 απαλοὶ
1277 730 1454 786 ταῦτα
1486 727 1578 785 καὶ
1604 752 1730 785 αυα.
1796 727 1902 803 τὴν
1961 726 1967 733 ’

306 813 367 874 δὲ
404 813 638 891 βύβλον
673 813 777 889 τήν
816 812 1062 874 ἐπέτειον
1095 814 1407 895 γινομένην,
1442 812 1612 873 ἐπεὰν
1647 812 1899 874 ἀνασπά-

304 926 455 961 σωσι
480 905 541 960 ἐκ
565 905 675 961 τῶν
704 902 887 971 ἑλέων,
914 901 987 962 τὰ
1009 904 1115 978 μὲν
1141 899 1252 961 ἅνω
1283 899 1454 976 αὐτῆς
1489 899 1900 977 ἀποτάμνοντες

307 993 363 1052 ἐς
392 987 541 1048 ἄλλο
568 1014 622 1047 τι
653 987 947 1066 τράπουσι,
974 988 1041 1049 τό
1079 989 1141 1048 δὲ
1177 987 1322 1047 κάτω
1357 987 1726 1064 λελειμμένον
1759 988 1899 1050 ὅσον

302 1102 367 1136 τε
397 1076 489 1136 ἐπὶ
517 1079 705 1154 πῆχυν
732 1076 1029 1157 τρώγουσι,
1057 1076 1151 1136 καὶ
1186 1075 1490 1135 πωλέουσι·
1533 1074 1588 1135 οἳ
1619 1076 1680 1134 δὲ
1705 1074 1774 1136 ἂν
1805 1078 1899 1137 καὶ

304 1163 480 1241 κᾶρτα
525 1162 844 1239 βούλωνται
890 1168 1114 1243 χρηστῇ
1160 1167 1232 1242 τῇ
1277 1161 1488 1241 βύβλῳ
1527 1164 1796 1243 χρᾶσθαι,
1840 1170 1898 1225 ἐν

302 1251 555 1329 κλιβάνῳ
591 1251 851 1327 διαφανέῖ
885 1252 1174 1322 πνίξαντες
1209 1250 1348 1309 οὕτω
1379 1249 1678 1331 τρώγουσι.
1745 1255 1800 1311 οἱ
1839 1252 1902 1312 δέ

301 1364 446 1402 τινες
474 1336 671 1411 ,αὐτῶν
718 1339 857 1410 ζῶσι
910 1339 1024 1398 ἅπὸ
1069 1343 1181 1399 τῶν
1230 1337 1432 1417 ἰχθύων
1476 1338 1711 1415 μούνων·
1768 1340 1899 1404 τούς

305 1424 473 1484 ἐπεοὶν
512 1424 742 1501 λάβωσι
782 1426 875 1484 καὶ
915 1426 1151 1496 ἐξέλωσι
1187 1425 1292 1502 τήν
1333 1425 1570 1502 κοιλίην,
1609 1426 1899 1488 αὐαίνουσι

303 1510 445 1589 πρὸς
467 1512 633 1588 ἥλιον
659 1512 751 1571 καὶ
778 1514 968 1573 ἔπειτα
994 1512 1160 1577 αὔους
1187 1512 1380 1577 ἐόντας
1404 1513 1704 1574 σιτέονται.
1789 1504 1792 1509 ¹

210 1601 287 1661 93
387 1603 461 1659 Οἱ
500 1600 561 1659 δὲ
594 1599 778 1679 ἰχθύες
811 1603 865 1660 οἱ
896 1600 1155 1682 ἀγελαῖοι
1186 1606 1245 1660 ἐν
1274 1602 1378 1677 μὲν
1405 1605 1560 1660 τοῖσι
1589 1604 1897 1678 ποταμοῖσι

304 1686 373 1747 οὔ
405 1687 567 1764 μάλα
598 1688 864 1768 γίνονται·
903 1687 1239 1766 τρεφόμενοι
1279 1688 1340 1747 δὲ
1379 1693 1438 1748 ἐν
1467 1692 1603 1767 τῇσι
1641 1689 1894 1768 λίμνῃσι,

302 1774 489 1836 τοιάδε
504 1779 747 1835 ποιεῦσι·
775 1775 942 1835 ἐπεάν
957 1781 1142 1851 σφεας
1159 1776 1284 1855 ἐσίῃ
1305 1775 1532 1852 οἶστρος
1547 1776 1894 1847 κυΐσκεσθαι,

302 1860 582 1945 α’γεληδόν
607 1862 927 1924 ἐκπλῶουσι
958 1866 1014 1926 ἐς
1041 1862 1147 1939 τήν
1179 1862 1504 1924 θάλασσαν·
1543 1862 1805 1945 ἡγέονται
1836 1865 1896 1925 δὲ

304 1954 360 2012 οἱ
390 1952 607 2028 ἔρσενες
638 1950 1064 2029 α’πορραίνοντες
1088 1954 1190 2011 τοῦ
1223 1951 1412 2028 θοροῦ·
1451 1953 1513 2009 αἱ
1539 1950 1598 2009 δὲ
1634 1950 1897 2028 ἑπόμεναι

303 2038 703 2112 α’νακιίπτουσι,
752 2040 847 2099 καὶ
891 2039 954 2109 ἐξ
997 2038 1170 2099 αὐτοῦ
1217 2039 1558 2099 κυΐσκονται·
1617 2038 1784 2099 ἐπεοὶν
1837 2040 1898 2099 δὲ

300 2126 540 2205 πλήρεες
565 2127 829 2208 γένωνται
850 2131 909 2187 ἐν
927 2129 999 2206 τῇ
1016 2126 1304 2205 θαλάσσῃ,
1327 2124 1690 2186 ἀναπλώουσι
1716 2124 1898 2187 ὀπίσω

305 2220 361 2279 ἐς
404 2215 543 2291 ἤθεα
588 2214 662 2275 τοὶ
708 2215 1208 2275 ἐωυτῶν·ἔκαστοι.
1289 2212 1551 2294 ἡγέονται
1595 2212 1789 2290 μέντοι
1830 2240 1899 2297 γε

303 2302 487 2361 οὐκέτι
506 2304 559 2360 οἱ
584 2300 759 2371 αὖτοὶ,
776 2300 933 2360 ἀλλὰ
950 2305 1059 2361 τῶν
1080 2301 1296 2376 θηλέων
1314 2301 1528 2379 γίνεται
1549 2300 1588 2377 ἡ
1609 2300 1898 2382 ἡγεμονίη·

301 2387 602 2469 ἡγεύμεναι
638 2388 697 2447 δὲ
732 2386 1026 2469 ἅγεληδόν,
1052 2391 1280 2448 ποιεῦσι
1317 2386 1437 2448 οἶόν
1461 2414 1568 2465 περ
1596 2390 1814 2450 ἐποίευν
1845 2393 1900 2451 οἶ

300 2477 537 2554 ἔρσενες·
590 2478 701 2535 τῶν
737 2475 848 2557 γὰρ
891 2474 1010 2534 ὦαῖν
1050 2473 1456 2552 ἀπορραίνουσι
1510 2475 1629 2535 κατ’
1670 2476 1897 2558 ὀλίγους

299 2566 412 2624 τῶν
458 2563 721 2644 κέγχρων,
758 2565 813 2622 οἱ
851 2562 910 2622 δὲ
952 2561 1170 2639 ἔρσενες
1210 2561 1578 2622 καταπίνουσι
1618 2564 1896 2641 ἑπόμενοι·

301 2652 414 2711 εἶσὶ
438 2650 500 2711 δὲ
525 2654 580 2710 οἱ
607 2652 834 2731 κέγχροι
866 2647 1019 2710 οὗτοι
1052 2648 1257 2729 ἰχθύες·
1301 2653 1362 2710 ἐκ
1396 2650 1458 2711 δὲ
1487 2653 1598 2711 τῶν
1623 2676 1898 2732 περιγινο-

296 2740 476 2816 μένων
502 2738 593 2797 καὶ
620 2737 701 2815 μὴ
730 2737 1177 2815 καταπινομένων
1203 2738 1452 2818 κέγχρων
1477 2741 1532 2798 οἱ
1561 2738 1898 2816 τρεφόμενοι

302 2824 487 2904 ἰχθύες
520 2826 787 2907 γίνονται.
854 2824 910 2884 οἳ
941 2824 988 2883 δ’
1014 2822 1083 2884 ἂν
1113 2823 1296 2884 αὐτῶν
1333 2824 1520 2885 ἁλῶσι
1556 2826 1898 2889 ἐκπλώοντες

299 2919 355 2977 ἐς
386 2912 708 2981 θάλασσαν,
743 2912 1037 2987 φαίνονται
1068 2912 1423 2989 τετριμμένοι
1452 2912 1525 2972 τοὶ
1557 2909 1896 2990 ἐπαριστεροῖ

298 3003 409 3062 τῶν
460 2998 767 3077 κεφαλέων·
830 2997 885 3057 οἳ
935 2996 982 3057 δ’
1027 2995 1097 3058 ἂν
1143 2998 1327 3059 ὀπίσω
1374 2997 1776 3068 ἀναπλώοντες,
1823 3000 1897 3060 τὰ

264 3098 271 3104 ’
298 3088 543 3160 ἐπιδεξιιὶ
580 3086 929 3165 τετρίφαται·
970 3082 1267 3163 πάσχουσι
1301 3085 1362 3146 δὲ
1400 3090 1577 3147 ταῦτα
1617 3085 1707 3145 διὰ
1745 3085 1894 3145 τόδε·

298 3175 557 3257 ἐχόμενοι
568 3179 671 3253 τῆς
682 3177 788 3255 γῆς
804 3170 888 3232 ἐπ’
904 3169 1176 3251 ἀριστερὰ
1191 3172 1590 3234 καταπλώουσι
1607 3178 1662 3236 ἐς
1678 3172 1893 3232 θάλειαι

296 3286 428 3325 σαν·
466 3265 563 3327 καὶ
586 3260 974 3325 ἀναπλώοντες
1004 3258 1206 3331 ὀπίσω,
1233 3264 1334 3338 τῆς
1365 3260 1537 3337 αὐτῆς
1569 3258 1892 3337 ἀντέχονται

28 3408 303 3471 a—h.
