2267 3517
362 134 459 181 140
983 133 1353 184 ¹11P0Aozro‘r
1864 132 1964 197 [Π.

359 210 739 273 ἀποδέδεκται.
818 212 887 273 τὸ
914 211 961 273 δ’
987 212 1056 273 ἄν
1090 238 1177 277 τις
1209 218 1322 274 τῶν
1347 212 1551 290 θηρίων
1580 210 1792 273 τούτων
1826 212 1966 275 ἀπο-

361 300 560 378 κτείνῃ,
586 298 657 375 ἣν
681 300 785 376 μὲν
813 299 963 371 ἑκών,
994 300 1233 365 θάνατος
1261 300 1301 377 ἤ
1340 301 1528 377 ζημίη·
1569 298 1641 374 ἢν
1675 299 1737 359 δὲ
1772 299 1964 373 ἀέκων,

359 385 611 446 ἀποτίνει
637 387 839 464 ζημίην
864 386 969 463 τήν
1006 385 1075 448 ἂν
1112 390 1167 447 οἱ
1201 388 1340 465 ἱρέες
1364 385 1655 456 τάξωνται.
1737 385 1801 450 ὃς
1826 387 1872 447 δ’
1897 386 1967 449 ἂν

358 472 481 549 ἶβιν
518 472 557 550 ἢ
598 474 763 552 ἴρηκα
800 474 1116 554 ἀποκτείνῃ,
1164 473 1237 550 ἦν
1281 500 1345 535 τε
1385 474 1520 534 ἑκῶν
1560 472 1630 550 ἤν
1671 500 1734 535 τε
1773 472 1963 548 ἀέκων,

265 562 340 619 66
357 561 618 622 τεθνάναι
672 560 906 643 ἀνάγκη·
987 564 1238 623 Πολλῶν
1277 562 1338 622 δὲ
1377 562 1576 623 ἐόντων
1629 560 1965 639 ὁμοτρόφων

358 650 513 709 τοῖσι
539 648 885 727 ἀνθρώποισι
904 650 1123 728 θηρίων,
1145 652 1346 729 πολλῷ
1365 647 1433 709 ἂν
1452 650 1534 710 ἔτι
1552 649 1708 709 πλέω
1734 650 1961 730 ἐγίνετο,

359 739 408 795 εἰ
445 735 527 813 μή
569 737 969 815 κατελάμβανε
1006 737 1138 801 τοῦς
1181 736 1504 815 αἰελούρους
1547 736 1754 797 τοιάδε·
1796 738 1964 799 ἐπεοῖν

354 824 559 884 τέκωσι
598 827 658 885 αἱ
698 824 916 900 θήλεαι,
957 824 1146 887 ούκέτι
1183 825 1478 901 φοιτέουσι
1516 823 1670 901 παρά
1709 824 1841 888 τούς
1879 826 1961 903 ἔρ·

358 936 544 976 σενας·
587 915 642 973 οἶ
668 912 729 973 δὲ
748 912 1029 991 διζήμενοι
1053 913 1369 995 μίσγεσθαι
1389 910 1596 991 αὔτῇσι
1621 910 1722 971 οὔκ
1747 912 1962 991 ἔχουσι·

355 998 501 1076 πρὸς
556 998 632 1061 ὦν
668 1003 847 1061 ταῦτα
886 1002 1225 1077 σοφίζονται
1263 999 1414 1060 τάδε·
1457 998 1799 1076 ἁρπάζοντες
1847 998 1963 1060 α’πὸ

353 1091 466 1147 τῶν
506 1089 722 1165 θηλέων
763 1088 856 1148 καὶ
898 1088 1292 1167 ύπαιρεόμενοι
1336 1087 1410 1149 τά
1454 1088 1621 1148 τέκνα
1663 1088 1960 1148 κτείνουσι·

356 1176 663 1240 κτείναντες
686 1177 879 1253 μέντοι
905 1176 971 1236 οὗ
996 1178 1316 1237 πατέονται·
1358 1176 1418 1235 αἶ
1443 1176 1504 1235 δὲ
1529 1174 1960 1252 στερισκόμεναι

351 1266 464 1323 τῶν
501 1263 705 1324 τέκνων
742 1261 934 1323 ἄλλων
973 1264 1035 1323 δὲ
1075 1263 1494 1342 ἐπιθυμέουσαι,
1521 1260 1664 1321 οὕτω
1704 1261 1773 1337 δὴ
1799 1261 1960 1322 α’πικ-

354 1350 572 1410 νέονται
595 1350 751 1428 παρά
768 1349 899 1413 τούς
925 1352 1171 1428 ἔρσενας·
1216 1350 1551 1427 φιλότεκνον
1571 1349 1632 1409 δὲ
1655 1348 1722 1409 τό
1746 1350 1957 1427 θηρίον·

351 1441 626 1513 πυρκαϊῆς
644 1438 705 1497 δὲ
722 1438 1038 1519 γενομένης,
1061 1438 1186 1498 θεΐα
1205 1438 1512 1519 πρήγματα
1532 1437 1958 1514 καταλαμβάνει

353 1522 484 1586 τούς
525 1525 868 1601 αἰελούρους·
910 1528 965 1585 οἱ
1002 1526 1107 1603 μὲν
1146 1523 1256 1605 γάρ
1297 1524 1596 1605 Αἰγύπτιοι
1635 1524 1958 1590 διαστάντες

354 1610 613 1693 φυλακὰς
646 1612 842 1691 ἔχουσι
870 1616 981 1673 τῶν
1016 1611 1334 1689 αἰελούρων,
1367 1611 1754 1690 ἀμελήσαντες
1784 1613 1956 1689 σβεν-

352 1695 509 1757 νύναι
538 1698 606 1759 τό
640 1698 951 1777 καιόμενον·
994 1704 1049 1761 οἶ
1085 1700 1146 1759 δὲ
1183 1701 1480 1778 αἰέλουροι,
1513 1698 1825 1763 διαδύοντες
1863 1701 1957 1760 καὶ

350 1784 837 1862 ὑπερθρώσκοντες
870 1814 1001 1852 τους
1033 1787 1373 1865 ἀνθρώπους,
1416 1787 1760 1848 ἐσάλλονται
1800 1792 1856 1851 ἐς
1888 1814 1954 1849 το

350 1876 484 1950 πῦρ·
524 1877 703 1935 ταῦτα
741 1875 802 1936 δὲ
830 1876 1109 1958 γινόμενα,
1140 1876 1347 1938 πένθεα
1375 1874 1601 1956 μεγάλα
1632 1900 1764 1938 τους
1789 1879 1957 1957 Αἰγυ-

348 1961 544 2025 πτίους
604 1962 1051 2041 καταλαμβάνει.
1134 1969 1196 2025 ἐν
1251 1962 1466 2025 ὁτέοισι
1518 1961 1564 2022 δ’
1611 1988 1679 2022 αν
1730 1964 1957 2024 οἰκίοισι

349 2049 638 2128 αἰέλουρος
657 2050 971 2131 αποθάνῃ’
936 2079 1048 2113 απο
1074 2056 1175 2113 τοῦ
1203 2050 1536 2128 αὐτομάτου,
1555 2053 1610 2110 οἰ
1628 2051 1956 2115 ἐνοικέοντες

345 2137 547 2203 πάντες
568 2138 854 2217 ξυρέονται
878 2140 982 2205 τάς
1005 2140 1221 2218 ὄφρύας
1244 2139 1470 2217 μούνας·
1511 2137 1642 2215 παρ’
1664 2137 1879 2199 ὁτέοισι

254 2222 329 2284 67
348 2222 419 2285 ἂν
456 2226 613 2297 κύων,
642 2232 757 2289 πᾶν
788 2228 854 2289 ‘td
893 2234 1061 2306 σῶμα
1093 2229 1188 2288 καὶ
1215 2226 1636 2304 τήν-κεφαλήν.
1713 2225 1955 2308 Ἀπαγέ·

348 2337 477 2371 αται
524 2313 586 2372 δὲ
630 2317 683 2373 οἱ
726 2316 1008 2393 αἰέλουροι
1049 2314 1423 2379 ἀποθανόντες
1468 2318 1524 2379 ἐς
1568 2312 1710 2390 ῖράς.
1729 2315 1953 2397 στέγας,

348 2397 479 2458 ἔνθα
522 2399 831 2462 θάπτονται
871 2404 1288 2482 ταριχευθέντες
1343 2406 1402 2463 ἐν
1451 2400 1752 2478 Βουβάστι
1793 2402 1953 2463 πόλι.

346 2483 447 2549 τοὶς
472 2486 533 2545 δὲ
561 2487 724 2551 κύνας
752 2494 811 2550 ἐν
834 2494 909 2569 τῇ
931 2494 1141 2551 ἑωυτῶν
1167 2491 1397 2551 ἕκαστοι
1421 2490 1563 2550 πόλι
1588 2488 1869 2550 θάπτουσι
1897 2495 1956 2551 ἐν

349 2574 506 2651 ἱρῇσι
555 2574 784 2655 θήκῃσι·
842 2577 914 2641 ὥς
953 2578 1015 2637 δὲ
1053 2577 1228 2641 αὕτως
1266 2581 1406 2657 τῇσι
1445 2578 1576 2638 κυσὶ
1615 2580 1670 2637 οἱ
1711 2578 1954 2657 ἰχνευταὶ

348 2660 667 2723 θάπτονται.
752 2664 855 2729 τάς
898 2665 957 2725 δὲ
997 2666 1257 2747 μυγαλᾶς
1289 2666 1381 2725 καὶ
1410 2664 1542 2729 τούς
1581 2666 1776 2743 ἴρηκας
1813 2664 1956 2725 ἀπά-

344 2773 517 2828 γουσι
558 2754 615 2814 ἐς
667 2757 918 2814 Βουτοῦν
963 2752 1154 2814 πόλιν·
1220 2752 1322 2817 τοὶς
1375 2754 1435 2813 δὲ
1477 2754 1597 2830 ἴβις
1643 2758 1700 2817 ἐς
1739 2752 1956 2831 Ἑρμέω

344 2835 536 2899 πόλιν·
593 2838 693 2905 τάς
746 2842 807 2901 δὲ
860 2839 1095 2919 ἄρκτους
1138 2840 1339 2905 ἐούσας
1382 2842 1641 2913 σπανίας,
1687 2842 1780 2901 καὶ
1823 2838 1956 2905 τοῦς

345 2923 547 2991 λύκους
600 2926 666 2988 οὗ
718 2932 917 3009 πολλιζ
969 2931 1076 3009 τέῳ
1122 2928 1314 2992 ἐόντας
1359 2927 1660 2989 ἀλωπέκων
1699 2928 1953 3005 μέζονας,

346 3011 517 3074 αὐτοῦ
544 3014 825 3078 θάπτουσι
850 3022 923 3095 τῇ
949 3015 1019 3078 ἂν
1046 3016 1342 3095 εὗρεθέωσι
1368 3015 1628 3092 κείμενοι.

252 3100 329 3160 68
425 3105 551 3163 Τῶν
590 3104 653 3164 δὲ
698 3106 1065 3183 κροκοδείλων
1106 3104 1147 3180 ἦ
1192 3103 1367 3180 φύσις
1409 3103 1536 3164 ἐστὶ
1575 3102 1782 3177 τοιήδε·
1823 3100 1954 3165 τούς

344 3190 807 3268 χειμεριωτάτους
830 3196 1011 3269 μῆνας
1035 3190 1316 3268 τέσσερας
1348 3191 1526 3251 ἐσθίει
1553 3187 1730 3250 οὐδέν·
1774 3186 1866 3247 ἐὸν
1894 3188 1955 3248 δὲ

346 3278 674 3354 τετράπουν,
711 3282 982 3360 χερσαῖον
1022 3279 1116 3339 καὶ
1155 3276 1414 3356 λιμναῖόν
1455 3280 1597 3337 ἐστι·
1637 3276 1832 3351 τίκτει.
1848 3275 1954 3349 μὲν
