<?xml version="1.0" encoding="UTF-8"?>
<!DOCTYPE html PUBLIC "-//W3C//DTD XHTML 1.0 Transitional//EN"
    "http://www.w3.org/TR/xhtml1/DTD/xhtml1-transitional.dtd">
<html xmlns="http://www.w3.org/1999/xhtml" xml:lang="en" lang="en">
 <head>
  <title>
</title>
<meta http-equiv="Content-Type" content="text/html;charset=utf-8" />
  <meta name='ocr-system' content='tesseract 3.04.00' />
  <meta name='ocr-capabilities' content='ocr_page ocr_carea ocr_par ocr_line ocrx_word'/>
</head>
<body>
  <div class='ocr_page' id='page_1' title='image "./herodotus05blakgoog_0346.png"; bbox 0 0 2267 3517; ppageno 0'>
   <div class='ocr_carea' id='block_1_1' title="bbox 222 103 1928 3336">
    <p class='ocr_par' dir='ltr' id='par_1_1' title="bbox 308 103 1915 1142">
     <span class='ocr_line' id='line_1_1' title="bbox 314 103 1906 172; baseline 0.003 -20"><span class='ocrx_word' id='word_1_1' title='bbox 314 107 409 154; x_wconf 85' lang='lat'>336</span> <span class='ocrx_word' id='word_1_2' title='bbox 921 103 1293 154; x_wconf 55' lang='grc' dir='ltr'>ἭΡοΔοῑποί·</span> <span class='ocrx_word' id='word_1_3' title='bbox 1783 107 1906 172; x_wconf 85' lang='lat' dir='ltr'>[Iv.</span> 
     </span>
     <span class='ocr_line' id='line_1_2' title="bbox 308 182 1915 262; baseline 0.002 -20"><span class='ocrx_word' id='word_1_4' title='bbox 308 182 617 258; x_wconf 81' lang='grc' dir='ltr'>ποιήσουσι</span> <span class='ocrx_word' id='word_1_5' title='bbox 654 183 727 242; x_wconf 83' lang='grc' dir='ltr'>τοὶ</span> <span class='ocrx_word' id='word_1_6' title='bbox 766 183 1028 262; x_wconf 80' lang='grc' dir='ltr'>Σκύθῃσί</span> <span class='ocrx_word' id='word_1_7' title='bbox 1064 187 1188 242; x_wconf 84' lang='grc' dir='ltr'>ἐστι</span> <span class='ocrx_word' id='word_1_8' title='bbox 1229 188 1287 242; x_wconf 87' lang='grc' dir='ltr'>ἐν</span> <span class='ocrx_word' id='word_1_9' title='bbox 1324 183 1517 262; x_wconf 77' lang='grc' dir='ltr'>ἡδονῇ.</span> <span class='ocrx_word' id='word_1_10' title='bbox 1597 189 1774 244; x_wconf 81' lang='grc' dir='ltr'>ταῦτα</span> <span class='ocrx_word' id='word_1_11' title='bbox 1808 189 1915 262; x_wconf 79' lang='grc' dir='ltr'>μὲν</span> 
     </span>
     <span class='ocr_line' id='line_1_3' title="bbox 308 270 1913 351; baseline 0.002 -21"><span class='ocrx_word' id='word_1_12' title='bbox 308 272 667 348; x_wconf 80' lang='grc' dir='ltr'>προσέθηκαν</span> <span class='ocrx_word' id='word_1_13' title='bbox 700 275 772 348; x_wconf 79' lang='grc' dir='ltr'>τῇ</span> <span class='ocrx_word' id='word_1_14' title='bbox 806 270 1019 351; x_wconf 78' lang='grc' dir='ltr'>γνώμῃ·</span> <span class='ocrx_word' id='word_1_15' title='bbox 1060 271 1204 348; x_wconf 70' lang='grc' dir='ltr'>μετὰ</span> <span class='ocrx_word' id='word_1_16' title='bbox 1241 271 1316 347; x_wconf 81' lang='grc' dir='ltr'>δὲ,</span> <span class='ocrx_word' id='word_1_17' title='bbox 1345 276 1406 330; x_wconf 90' lang='grc' dir='ltr'>ἐκ</span> <span class='ocrx_word' id='word_1_18' title='bbox 1442 271 1664 332; x_wconf 79' lang='grc' dir='ltr'>πάντων</span> <span class='ocrx_word' id='word_1_19' title='bbox 1693 274 1913 350; x_wconf 71' lang='grc' dir='ltr'>ὑπεκρί-</span> 
     </span>
     <span class='ocr_line' id='line_1_4' title="bbox 310 358 1913 472; baseline 0.001 -53"><span class='ocrx_word' id='word_1_20' title='bbox 310 386 445 419; x_wconf 90' lang='grc' dir='ltr'>νατο</span> <span class='ocrx_word' id='word_1_21' title='bbox 470 359 735 422; x_wconf 81' lang='grc' dir='ltr'>Ἱστιαῖος</span> <span class='ocrx_word' id='word_1_22' title='bbox 758 359 889 418; x_wconf 80' lang='grc' dir='ltr'>τάδε</span> <span class='ocrx_word' id='word_1_23' title='bbox 908 360 1115 472; x_wconf 85' lang='grc' dir='ltr'>λέγων·</span> <span class='ocrx_word' id='word_1_24' title='bbox 1159 371 1193 394; x_wconf 94' lang='lat'><strong>“</strong></span> <span class='ocrx_word' id='word_1_25' title='bbox 1211 358 1402 437; x_wconf 79' lang='grc' dir='ltr'>ἄνδρες</span> <span class='ocrx_word' id='word_1_26' title='bbox 1429 360 1656 431; x_wconf 79' lang='grc' dir='ltr'>Σκύθαι,</span> <span class='ocrx_word' id='word_1_27' title='bbox 1683 364 1913 441; x_wconf 68' lang='grc' dir='ltr'>χρηστὰ</span> 
     </span>
     <span class='ocr_line' id='line_1_5' title="bbox 311 447 1914 530; baseline 0.004 -25"><span class='ocrx_word' id='word_1_28' title='bbox 311 447 473 522; x_wconf 85' lang='grc' dir='ltr'>ἥκετε</span> <span class='ocrx_word' id='word_1_29' title='bbox 520 448 783 524; x_wconf 89' lang='grc' dir='ltr'>φέροντες</span> <span class='ocrx_word' id='word_1_30' title='bbox 836 448 929 506; x_wconf 84' lang='grc' dir='ltr'>καὶ</span> <span class='ocrx_word' id='word_1_31' title='bbox 977 453 1033 511; x_wconf 90' lang='grc' dir='ltr'>ἐς</span> <span class='ocrx_word' id='word_1_32' title='bbox 1086 448 1279 525; x_wconf 80' lang='grc' dir='ltr'>καιρὸν</span> <span class='ocrx_word' id='word_1_33' title='bbox 1325 449 1638 530; x_wconf 80' lang='grc' dir='ltr'>ἐπείγεσθε·</span> <span class='ocrx_word' id='word_1_34' title='bbox 1701 453 1794 510; x_wconf 85' lang='grc' dir='ltr'>καὶ</span> <span class='ocrx_word' id='word_1_35' title='bbox 1840 479 1914 512; x_wconf 90' lang='grc' dir='ltr'>τα</span> 
     </span>
     <span class='ocr_line' id='line_1_6' title="bbox 309 533 1912 615; baseline 0.003 -21"><span class='ocrx_word' id='word_1_36' title='bbox 309 561 371 594; x_wconf 93' lang='grc' dir='ltr'>τε</span> <span class='ocrx_word' id='word_1_37' title='bbox 424 533 519 594; x_wconf 74' lang='grc' dir='ltr'>ἀπ’</span> <span class='ocrx_word' id='word_1_38' title='bbox 564 534 742 610; x_wconf 90' lang='grc' dir='ltr'>υμέων</span> <span class='ocrx_word' id='word_1_39' title='bbox 786 534 923 612; x_wconf 76' lang='grc' dir='ltr'>ἡμῖν</span> <span class='ocrx_word' id='word_1_40' title='bbox 969 540 1232 615; x_wconf 78' lang='grc' dir='ltr'>χρηστῶς</span> <span class='ocrx_word' id='word_1_41' title='bbox 1277 536 1504 596; x_wconf 80' lang='grc' dir='ltr'>ὁδοῦται</span> <span class='ocrx_word' id='word_1_42' title='bbox 1549 538 1641 597; x_wconf 78' lang='grc' dir='ltr'>καὶ</span> <span class='ocrx_word' id='word_1_43' title='bbox 1689 565 1762 598; x_wconf 89' lang='grc' dir='ltr'>τα</span> <span class='ocrx_word' id='word_1_44' title='bbox 1813 539 1912 599; x_wconf 82' lang='grc' dir='ltr'>απ’</span> 
     </span>
     <span class='ocr_line' id='line_1_7' title="bbox 310 623 1911 735; baseline 0.003 -54"><span class='ocrx_word' id='word_1_45' title='bbox 310 623 494 699; x_wconf 77' lang='grc' dir='ltr'>ἡμέων</span> <span class='ocrx_word' id='word_1_46' title='bbox 545 629 601 686; x_wconf 87' lang='grc' dir='ltr'>ἐς</span> <span class='ocrx_word' id='word_1_47' title='bbox 650 623 823 698; x_wconf 90' lang='grc' dir='ltr'>υμέας</span> <span class='ocrx_word' id='word_1_48' title='bbox 874 625 1170 700; x_wconf 81' lang='grc' dir='ltr'>ἐπιτηδέως</span> <span class='ocrx_word' id='word_1_49' title='bbox 1219 625 1598 735; x_wconf 79' lang='grc' dir='ltr'>υπηρετέεται·</span> <span class='ocrx_word' id='word_1_50' title='bbox 1669 653 1740 690; x_wconf 93' lang='grc' dir='ltr'>ως</span> <span class='ocrx_word' id='word_1_51' title='bbox 1797 655 1911 708; x_wconf 90' lang='grc' dir='ltr'>γαρ</span> 
     </span>
     <span class='ocr_line' id='line_1_8' title="bbox 310 711 1910 791; baseline 0.004 -22"><span class='ocrx_word' id='word_1_52' title='bbox 310 711 492 787; x_wconf 81' lang='grc' dir='ltr'>ὁρατε,</span> <span class='ocrx_word' id='word_1_53' title='bbox 529 712 621 769; x_wconf 85' lang='grc' dir='ltr'>καὶ</span> <span class='ocrx_word' id='word_1_54' title='bbox 651 711 861 788; x_wconf 79' lang='grc' dir='ltr'>λύομεν</span> <span class='ocrx_word' id='word_1_55' title='bbox 890 739 989 773; x_wconf 92' lang='grc' dir='ltr'>τον</span> <span class='ocrx_word' id='word_1_56' title='bbox 1018 712 1197 790; x_wconf 87' lang='grc' dir='ltr'>πόρον</span> <span class='ocrx_word' id='word_1_57' title='bbox 1235 715 1328 772; x_wconf 82' lang='grc' dir='ltr'>καὶ</span> <span class='ocrx_word' id='word_1_58' title='bbox 1365 713 1680 791; x_wconf 82' lang='grc' dir='ltr'>προθυμίην</span> <span class='ocrx_word' id='word_1_59' title='bbox 1715 719 1910 776; x_wconf 79' lang='grc' dir='ltr'>πᾶσαν</span> 
     </span>
     <span class='ocr_line' id='line_1_9' title="bbox 315 800 1912 881; baseline 0.003 -23.092"><span class='ocrx_word' id='word_1_60' title='bbox 315 800 526 876; x_wconf 79' lang='grc' dir='ltr'>εξομεν,</span> <span class='ocrx_word' id='word_1_61' title='bbox 576 801 834 864; x_wconf 90' lang='grc' dir='ltr'>θέλοντες</span> <span class='ocrx_word' id='word_1_62' title='bbox 882 801 1021 861; x_wconf 85' lang='grc' dir='ltr'>εἶναι</span> <span class='ocrx_word' id='word_1_63' title='bbox 1072 801 1372 879; x_wconf 87' lang='grc' dir='ltr'>ἐλεύθεροι·</span> <span class='ocrx_word' id='word_1_64' title='bbox 1431 807 1502 862; x_wconf 87' lang='grc' dir='ltr'>ἐν·</span> <span class='ocrx_word' id='word_1_65' title='bbox 1537 800 1579 881; x_wconf 80' lang='grc' dir='ltr'>ᾧ</span> <span class='ocrx_word' id='word_1_66' title='bbox 1631 803 1692 862; x_wconf 80' lang='grc' dir='ltr'>δὲ</span> <span class='ocrx_word' id='word_1_67' title='bbox 1743 803 1912 879; x_wconf 80' lang='grc' dir='ltr'>ἡμέες</span> 
     </span>
     <span class='ocr_line' id='line_1_10' title="bbox 309 887 1908 968; baseline 0.003 -22"><span class='ocrx_word' id='word_1_68' title='bbox 309 887 440 947; x_wconf 79' lang='grc' dir='ltr'>τάδε</span> <span class='ocrx_word' id='word_1_69' title='bbox 486 888 711 964; x_wconf 83' lang='grc' dir='ltr'>λύομεν,</span> <span class='ocrx_word' id='word_1_70' title='bbox 745 888 916 966; x_wconf 75' lang='grc' dir='ltr'>ὖμέας</span> <span class='ocrx_word' id='word_1_71' title='bbox 958 889 1148 965; x_wconf 88' lang='grc' dir='ltr'>καιρός</span> <span class='ocrx_word' id='word_1_72' title='bbox 1190 895 1312 949; x_wconf 85' lang='grc' dir='ltr'>ἐστι</span> <span class='ocrx_word' id='word_1_73' title='bbox 1355 890 1614 966; x_wconf 81' lang='grc' dir='ltr'>δίζησθαι</span> <span class='ocrx_word' id='word_1_74' title='bbox 1657 893 1908 968; x_wconf 81' lang='grc' dir='ltr'>ἐκείνους,</span> 
     </span>
     <span class='ocr_line' id='line_1_11' title="bbox 313 975 1911 1055; baseline 0.003 -21"><span class='ocrx_word' id='word_1_75' title='bbox 313 975 569 1053; x_wconf 71' lang='grc' dir='ltr'>εὑρόντας</span> <span class='ocrx_word' id='word_1_76' title='bbox 602 976 679 1046; x_wconf 84' lang='grc' dir='ltr'>δὲ,</span> <span class='ocrx_word' id='word_1_77' title='bbox 706 976 847 1054; x_wconf 76' lang='grc' dir='ltr'>ὖπέρ</span> <span class='ocrx_word' id='word_1_78' title='bbox 877 1003 939 1037; x_wconf 90' lang='grc' dir='ltr'>τε</span> <span class='ocrx_word' id='word_1_79' title='bbox 970 977 1156 1053; x_wconf 82' lang='grc' dir='ltr'>ἤμέων</span> <span class='ocrx_word' id='word_1_80' title='bbox 1181 978 1272 1037; x_wconf 82' lang='grc' dir='ltr'>καὶ</span> <span class='ocrx_word' id='word_1_81' title='bbox 1297 977 1478 1055; x_wconf 81' lang='grc' dir='ltr'>ὖμέων</span> <span class='ocrx_word' id='word_1_82' title='bbox 1507 978 1686 1038; x_wconf 81' lang='grc' dir='ltr'>αὖτῶν</span> <span class='ocrx_word' id='word_1_83' title='bbox 1707 981 1911 1038; x_wconf 89' lang='grc' dir='ltr'>τίσασ-</span> 
     </span>
     <span class='ocr_line' id='line_1_12' title="bbox 312 1064 1210 1142; baseline 0.001 -19"><span class='ocrx_word' id='word_1_84' title='bbox 312 1064 405 1123; x_wconf 88' lang='grc' dir='ltr'>θαι</span> <span class='ocrx_word' id='word_1_85' title='bbox 432 1064 601 1128; x_wconf 80' lang='grc' dir='ltr'>οὗτως</span> <span class='ocrx_word' id='word_1_86' title='bbox 628 1064 699 1127; x_wconf 80' lang='grc' dir='ltr'>ὦς</span> <span class='ocrx_word' id='word_1_87' title='bbox 725 1067 934 1129; x_wconf 88' lang='grc' dir='ltr'>κείνους</span> <span class='ocrx_word' id='word_1_88' title='bbox 960 1064 1210 1142; x_wconf 50' lang='grc' dir='ltr'>πρέπειΫ</span> 
     </span>
    </p>

    <p class='ocr_par' dir='ltr' id='par_1_2' title="bbox 222 1151 1928 2636">
     <span class='ocr_line' id='line_1_13' title="bbox 222 1151 1916 1242; baseline 0.003 -33"><span class='ocrx_word' id='word_1_89' title='bbox 222 1152 333 1209; x_wconf 87' lang='grc'>140</span> <span class='ocrx_word' id='word_1_90' title='bbox 394 1151 605 1216; x_wconf 77' lang='grc' dir='ltr'>Σκύθαι</span> <span class='ocrx_word' id='word_1_91' title='bbox 629 1155 733 1229; x_wconf 84' lang='grc' dir='ltr'>μὲν</span> <span class='ocrx_word' id='word_1_92' title='bbox 750 1179 817 1212; x_wconf 93' lang='grc' dir='ltr'>το</span> <span class='ocrx_word' id='word_1_93' title='bbox 844 1152 1138 1230; x_wconf 59' lang='grc' dir='ltr'>δεύτερον*</span> <span class='ocrx_word' id='word_1_94' title='bbox 1141 1160 1278 1213; x_wconf 80' lang='grc' dir='ltr'>Ιωσι</span> <span class='ocrx_word' id='word_1_95' title='bbox 1303 1153 1705 1216; x_wconf 76' lang='grc' dir='ltr'>πιστεύσαντες</span> <span class='ocrx_word' id='word_1_96' title='bbox 1723 1155 1916 1242; x_wconf 74' lang='grc' dir='ltr'>λέγεινΙ</span> 
     </span>
     <span class='ocr_line' id='line_1_14' title="bbox 310 1238 1910 1351; baseline 0.003 -53"><span class='ocrx_word' id='word_1_97' title='bbox 310 1238 543 1316; x_wconf 74' lang='grc' dir='ltr'>ἀληθέα,</span> <span class='ocrx_word' id='word_1_98' title='bbox 572 1240 933 1318; x_wconf 74' lang='grc' dir='ltr'>ὑπέστρεφον</span> <span class='ocrx_word' id='word_1_99' title='bbox 972 1242 1063 1300; x_wconf 80' lang='grc' dir='ltr'>ἐπὶ</span> <span class='ocrx_word' id='word_1_100' title='bbox 1093 1241 1326 1351; x_wconf 64' lang='grc' dir='ltr'>ζητησιν</span> <span class='ocrx_word' id='word_1_101' title='bbox 1350 1246 1460 1301; x_wconf 80' lang='grc' dir='ltr'>τῶν</span> <span class='ocrx_word' id='word_1_102' title='bbox 1487 1243 1801 1319; x_wconf 87' lang='grc' dir='ltr'>Περσέων·</span> <span class='ocrx_word' id='word_1_103' title='bbox 1817 1244 1910 1302; x_wconf 85' lang='grc' dir='ltr'>καὶ</span> 
     </span>
     <span class='ocr_line' id='line_1_15' title="bbox 308 1328 1912 1442; baseline 0.001 -55"><span class='ocrx_word' id='word_1_104' title='bbox 308 1353 630 1406; x_wconf 86' lang='grc' dir='ltr'>ημαρτανον</span> <span class='ocrx_word' id='word_1_105' title='bbox 670 1329 860 1442; x_wconf 82' lang='grc' dir='ltr'>πάσης</span> <span class='ocrx_word' id='word_1_106' title='bbox 898 1334 1000 1406; x_wconf 85' lang='grc' dir='ltr'>τῆς</span> <span class='ocrx_word' id='word_1_107' title='bbox 1040 1330 1256 1389; x_wconf 87' lang='grc' dir='ltr'>ἐκείνων</span> <span class='ocrx_word' id='word_1_108' title='bbox 1297 1328 1562 1398; x_wconf 76' lang='grc' dir='ltr'>διεξόδου.</span> <span class='ocrx_word' id='word_1_109' title='bbox 1643 1355 1809 1389; x_wconf 91' lang='grc' dir='ltr'>αιτιοι</span> <span class='ocrx_word' id='word_1_110' title='bbox 1850 1331 1912 1390; x_wconf 84' lang='grc' dir='ltr'>δὲ</span> 
     </span>
     <span class='ocr_line' id='line_1_16' title="bbox 310 1416 1910 1498; baseline 0.003 -24"><span class='ocrx_word' id='word_1_111' title='bbox 310 1442 512 1475; x_wconf 93' lang='grc' dir='ltr'>τουτου</span> <span class='ocrx_word' id='word_1_112' title='bbox 560 1417 720 1477; x_wconf 74' lang='grc' dir='ltr'>αὐτοὶ</span> <span class='ocrx_word' id='word_1_113' title='bbox 768 1421 821 1477; x_wconf 80' lang='grc' dir='ltr'>οἱ</span> <span class='ocrx_word' id='word_1_114' title='bbox 864 1417 1076 1482; x_wconf 79' lang='grc' dir='ltr'>Σκύθαι</span> <span class='ocrx_word' id='word_1_115' title='bbox 1120 1418 1391 1498; x_wconf 89' lang='grc' dir='ltr'>ἐγένοντο,</span> <span class='ocrx_word' id='word_1_116' title='bbox 1434 1416 1534 1480; x_wconf 81' lang='grc' dir='ltr'>τοὶς</span> <span class='ocrx_word' id='word_1_117' title='bbox 1579 1444 1753 1493; x_wconf 87' lang='grc' dir='ltr'>νομας</span> <span class='ocrx_word' id='word_1_118' title='bbox 1797 1423 1910 1478; x_wconf 78' lang='grc' dir='ltr'>τῶν</span> 
     </span>
     <span class='ocr_line' id='line_1_17' title="bbox 314 1503 1910 1586; baseline 0.004 -26"><span class='ocrx_word' id='word_1_119' title='bbox 314 1503 494 1563; x_wconf 77' lang='grc' dir='ltr'>ἵππων</span> <span class='ocrx_word' id='word_1_120' title='bbox 532 1530 633 1566; x_wconf 89' lang='grc' dir='ltr'>τας</span> <span class='ocrx_word' id='word_1_121' title='bbox 671 1504 845 1582; x_wconf 87' lang='grc' dir='ltr'>ταύτῃ</span> <span class='ocrx_word' id='word_1_122' title='bbox 886 1505 1304 1582; x_wconf 86' lang='grc' dir='ltr'>διαφθείραντες</span> <span class='ocrx_word' id='word_1_123' title='bbox 1343 1505 1436 1564; x_wconf 86' lang='grc' dir='ltr'>καὶ</span> <span class='ocrx_word' id='word_1_124' title='bbox 1462 1532 1536 1565; x_wconf 92' lang='grc' dir='ltr'>τα</span> <span class='ocrx_word' id='word_1_125' title='bbox 1567 1504 1740 1565; x_wconf 77' lang='grc' dir='ltr'>ὕδατα</span> <span class='ocrx_word' id='word_1_126' title='bbox 1769 1532 1910 1586; x_wconf 81' lang='grc' dir='ltr'>συγ·</span> 
     </span>
     <span class='ocr_line' id='line_1_18' title="bbox 308 1591 1911 1672; baseline 0.004 -24"><span class='ocrx_word' id='word_1_127' title='bbox 308 1616 611 1668; x_wconf 86' lang='grc' dir='ltr'>χωσαντες·</span> <span class='ocrx_word' id='word_1_128' title='bbox 655 1597 702 1650; x_wconf 80' lang='grc' dir='ltr'>εἰ</span> <span class='ocrx_word' id='word_1_129' title='bbox 740 1591 849 1672; x_wconf 85' lang='grc' dir='ltr'>γοὶρ</span> <span class='ocrx_word' id='word_1_130' title='bbox 890 1596 1067 1650; x_wconf 86' lang='grc' dir='ltr'>ταῦτα</span> <span class='ocrx_word' id='word_1_131' title='bbox 1105 1593 1186 1668; x_wconf 79' lang='grc' dir='ltr'>μή</span> <span class='ocrx_word' id='word_1_132' title='bbox 1228 1594 1516 1669; x_wconf 89' lang='grc' dir='ltr'>ἐποίησαν,</span> <span class='ocrx_word' id='word_1_133' title='bbox 1560 1597 1793 1671; x_wconf 83' lang='grc' dir='ltr'>παρεῖχε</span> <span class='ocrx_word' id='word_1_134' title='bbox 1841 1591 1911 1654; x_wconf 77' lang='grc' dir='ltr'>ἄν</span> 
     </span>
     <span class='ocr_line' id='line_1_19' title="bbox 313 1678 1909 1757; baseline 0.001 -21"><span class='ocrx_word' id='word_1_135' title='bbox 313 1685 441 1754; x_wconf 89' lang='grc' dir='ltr'>σφι,</span> <span class='ocrx_word' id='word_1_136' title='bbox 472 1683 519 1738; x_wconf 80' lang='grc' dir='ltr'>εἰ</span> <span class='ocrx_word' id='word_1_137' title='bbox 556 1678 888 1756; x_wconf 82' lang='grc' dir='ltr'>ἐβούλοντο,</span> <span class='ocrx_word' id='word_1_138' title='bbox 918 1678 1182 1742; x_wconf 78' lang='grc' dir='ltr'>εὐπετέως</span> <span class='ocrx_word' id='word_1_139' title='bbox 1209 1680 1472 1755; x_wconf 83' lang='grc' dir='ltr'>ἐξευρέειν</span> <span class='ocrx_word' id='word_1_140' title='bbox 1497 1679 1627 1743; x_wconf 70' lang='grc' dir='ltr'>τοῦς</span> <span class='ocrx_word' id='word_1_141' title='bbox 1659 1681 1909 1757; x_wconf 84' lang='grc' dir='ltr'>Πέρσας·</span> 
     </span>
     <span class='ocr_line' id='line_1_20' title="bbox 311 1765 1928 1844; baseline 0.001 -19"><span class='ocrx_word' id='word_1_142' title='bbox 311 1771 407 1826; x_wconf 82' lang='grc' dir='ltr'>νῦν</span> <span class='ocrx_word' id='word_1_143' title='bbox 448 1767 523 1836; x_wconf 84' lang='grc' dir='ltr'>δὲ,</span> <span class='ocrx_word' id='word_1_144' title='bbox 560 1766 633 1826; x_wconf 78' lang='grc' dir='ltr'>τά</span> <span class='ocrx_word' id='word_1_145' title='bbox 677 1772 789 1843; x_wconf 90' lang='grc' dir='ltr'>σφι</span> <span class='ocrx_word' id='word_1_146' title='bbox 833 1765 1017 1826; x_wconf 87' lang='grc' dir='ltr'>ἐδόκεε</span> <span class='ocrx_word' id='word_1_147' title='bbox 1058 1765 1264 1843; x_wconf 79' lang='grc' dir='ltr'>ἄριστα</span> <span class='ocrx_word' id='word_1_148' title='bbox 1300 1769 1731 1844; x_wconf 83' lang='grc' dir='ltr'>βεβουλεῦσθαι</span> <span class='ocrx_word' id='word_1_149' title='bbox 1766 1768 1928 1828; x_wconf 69' lang='grc' dir='ltr'>κατσῖ-</span> 
     </span>
     <span class='ocr_line' id='line_1_21' title="bbox 309 1855 1911 1932; baseline 0 -18"><span class='ocrx_word' id='word_1_150' title='bbox 309 1857 485 1914; x_wconf 83' lang='grc' dir='ltr'>ταῦτα</span> <span class='ocrx_word' id='word_1_151' title='bbox 516 1855 881 1932; x_wconf 77' lang='grc' dir='ltr'>ἐσφάλησαν.</span> <span class='ocrx_word' id='word_1_152' title='bbox 964 1855 1176 1920; x_wconf 77' lang='grc' dir='ltr'>Σκύθαι</span> <span class='ocrx_word' id='word_1_153' title='bbox 1212 1855 1316 1932; x_wconf 91' lang='grc' dir='ltr'>μέν</span> <span class='ocrx_word' id='word_1_154' title='bbox 1355 1882 1452 1915; x_wconf 90' lang='grc' dir='ltr'>νυν</span> <span class='ocrx_word' id='word_1_155' title='bbox 1489 1860 1592 1932; x_wconf 86' lang='grc' dir='ltr'>τῆς</span> <span class='ocrx_word' id='word_1_156' title='bbox 1631 1857 1911 1932; x_wconf 90' lang='grc' dir='ltr'>σφετέρης</span> 
     </span>
     <span class='ocr_line' id='line_1_22' title="bbox 310 1943 1910 2025; baseline 0.001 -23"><span class='ocrx_word' id='word_1_157' title='bbox 310 1943 494 2023; x_wconf 80' lang='grc' dir='ltr'>χώρης</span> <span class='ocrx_word' id='word_1_158' title='bbox 518 1950 591 2024; x_wconf 83' lang='grc' dir='ltr'>τῇ</span> <span class='ocrx_word' id='word_1_159' title='bbox 615 1944 779 2025; x_wconf 87' lang='grc' dir='ltr'>χιλός</span> <span class='ocrx_word' id='word_1_160' title='bbox 804 1971 866 2004; x_wconf 91' lang='grc' dir='ltr'>τε</span> <span class='ocrx_word' id='word_1_161' title='bbox 892 1949 1047 2004; x_wconf 79' lang='grc' dir='ltr'>τοῖσι</span> <span class='ocrx_word' id='word_1_162' title='bbox 1075 1945 1299 2004; x_wconf 80' lang='grc' dir='ltr'>ἵπποισι</span> <span class='ocrx_word' id='word_1_163' title='bbox 1328 1945 1419 2003; x_wconf 83' lang='grc' dir='ltr'>καὶ</span> <span class='ocrx_word' id='word_1_164' title='bbox 1438 1943 1613 2004; x_wconf 78' lang='grc' dir='ltr'>ὕδατα</span> <span class='ocrx_word' id='word_1_165' title='bbox 1631 1943 1716 2019; x_wconf 86' lang='grc' dir='ltr'>ἦν,</span> <span class='ocrx_word' id='word_1_166' title='bbox 1735 1944 1910 2024; x_wconf 80' lang='grc' dir='ltr'>ταύτῃ</span> 
     </span>
     <span class='ocr_line' id='line_1_23' title="bbox 312 2032 1911 2109; baseline 0 -19"><span class='ocrx_word' id='word_1_167' title='bbox 312 2033 601 2103; x_wconf 80' lang='grc' dir='ltr'>διεξιόντες</span> <span class='ocrx_word' id='word_1_168' title='bbox 662 2033 907 2109; x_wconf 81' lang='grc' dir='ltr'>ἐδίζηντο</span> <span class='ocrx_word' id='word_1_169' title='bbox 954 2059 1083 2096; x_wconf 91' lang='grc' dir='ltr'>τους</span> <span class='ocrx_word' id='word_1_170' title='bbox 1134 2032 1580 2108; x_wconf 74' lang='grc' dir='ltr'>ἀντιπολεμίους,</span> <span class='ocrx_word' id='word_1_171' title='bbox 1629 2033 1911 2095; x_wconf 85' lang='grc' dir='ltr'>δοκέοντες</span> 
     </span>
     <span class='ocr_line' id='line_1_24' title="bbox 313 2119 1910 2196; baseline 0 -18"><span class='ocrx_word' id='word_1_172' title='bbox 313 2121 404 2179; x_wconf 83' lang='grc' dir='ltr'>καὶ</span> <span class='ocrx_word' id='word_1_173' title='bbox 437 2126 675 2185; x_wconf 85' lang='grc' dir='ltr'>ἐκείνους</span> <span class='ocrx_word' id='word_1_174' title='bbox 714 2121 803 2180; x_wconf 85' lang='grc' dir='ltr'>δια</span> <span class='ocrx_word' id='word_1_175' title='bbox 838 2119 1101 2180; x_wconf 76' lang='grc' dir='ltr'>τοιούτων</span> <span class='ocrx_word' id='word_1_176' title='bbox 1126 2121 1231 2194; x_wconf 81' lang='grc' dir='ltr'>τὴν</span> <span class='ocrx_word' id='word_1_177' title='bbox 1257 2119 1572 2196; x_wconf 79' lang='grc' dir='ltr'>ἀπόδρησιν</span> <span class='ocrx_word' id='word_1_178' title='bbox 1598 2120 1910 2180; x_wconf 84' lang='grc' dir='ltr'>ποιέεσθαι·</span> 
     </span>
     <span class='ocr_line' id='line_1_25' title="bbox 313 2207 1910 2288; baseline 0 -21"><span class='ocrx_word' id='word_1_179' title='bbox 313 2213 367 2267; x_wconf 79' lang='grc' dir='ltr'>οἱ</span> <span class='ocrx_word' id='word_1_180' title='bbox 408 2209 467 2268; x_wconf 83' lang='grc' dir='ltr'>δὲ</span> <span class='ocrx_word' id='word_1_181' title='bbox 512 2210 579 2285; x_wconf 81' lang='grc' dir='ltr'>δὴ</span> <span class='ocrx_word' id='word_1_182' title='bbox 636 2210 861 2286; x_wconf 87' lang='grc' dir='ltr'>Πέρσαι</span> <span class='ocrx_word' id='word_1_183' title='bbox 912 2207 1011 2268; x_wconf 83' lang='grc' dir='ltr'>τόν</span> <span class='ocrx_word' id='word_1_184' title='bbox 1052 2208 1324 2285; x_wconf 88' lang='grc' dir='ltr'>πρότερον</span> <span class='ocrx_word' id='word_1_185' title='bbox 1365 2211 1575 2268; x_wconf 77' lang='grc' dir='ltr'>ἑωυτῶν</span> <span class='ocrx_word' id='word_1_186' title='bbox 1614 2207 1910 2288; x_wconf 86' lang='grc' dir='ltr'>γενόμενον</span> 
     </span>
     <span class='ocr_line' id='line_1_26' title="bbox 313 2293 1912 2376; baseline 0.001 -20"><span class='ocrx_word' id='word_1_187' title='bbox 313 2299 579 2374; x_wconf 88' lang='grc' dir='ltr'>στίβον,</span> <span class='ocrx_word' id='word_1_188' title='bbox 563 2322 761 2357; x_wconf 90' lang='grc' dir='ltr'>τουτον</span> <span class='ocrx_word' id='word_1_189' title='bbox 803 2293 1201 2373; x_wconf 76' lang='grc' dir='ltr'>φυλάσσοντες</span> <span class='ocrx_word' id='word_1_190' title='bbox 1237 2295 1408 2372; x_wconf 81' lang='grc' dir='ltr'>ἤϊσαν</span> <span class='ocrx_word' id='word_1_191' title='bbox 1449 2295 1542 2354; x_wconf 77' lang='grc' dir='ltr'>καὶ</span> <span class='ocrx_word' id='word_1_192' title='bbox 1575 2295 1716 2356; x_wconf 79' lang='grc' dir='ltr'>οὕτω</span> <span class='ocrx_word' id='word_1_193' title='bbox 1747 2294 1912 2376; x_wconf 79' lang='grc' dir='ltr'>μόγις</span> 
     </span>
     <span class='ocr_line' id='line_1_27' title="bbox 317 2382 1911 2461; baseline -0.001 -19"><span class='ocrx_word' id='word_1_194' title='bbox 317 2383 477 2461; x_wconf 81' lang='grc' dir='ltr'>εὗρον</span> <span class='ocrx_word' id='word_1_195' title='bbox 515 2410 614 2444; x_wconf 91' lang='grc' dir='ltr'>τον</span> <span class='ocrx_word' id='word_1_196' title='bbox 654 2383 849 2460; x_wconf 82' lang='grc' dir='ltr'>πόρον·</span> <span class='ocrx_word' id='word_1_197' title='bbox 892 2383 983 2442; x_wconf 77' lang='grc' dir='ltr'>οἷα</span> <span class='ocrx_word' id='word_1_198' title='bbox 1024 2383 1083 2442; x_wconf 83' lang='grc' dir='ltr'>δὲ</span> <span class='ocrx_word' id='word_1_199' title='bbox 1123 2383 1318 2447; x_wconf 87' lang='grc' dir='ltr'>νυκτός</span> <span class='ocrx_word' id='word_1_200' title='bbox 1355 2410 1418 2442; x_wconf 90' lang='grc' dir='ltr'>τε</span> <span class='ocrx_word' id='word_1_201' title='bbox 1458 2382 1784 2460; x_wconf 76' lang='grc' dir='ltr'>ἀπικόμενοι</span> <span class='ocrx_word' id='word_1_202' title='bbox 1819 2409 1911 2441; x_wconf 91' lang='grc' dir='ltr'>και</span> 
     </span>
     <span class='ocr_line' id='line_1_28' title="bbox 312 2469 1911 2552; baseline -0.001 -22"><span class='ocrx_word' id='word_1_203' title='bbox 312 2471 622 2548; x_wconf 88' lang='grc' dir='ltr'>λελυμένης</span> <span class='ocrx_word' id='word_1_204' title='bbox 649 2475 751 2545; x_wconf 85' lang='grc' dir='ltr'>τῆς</span> <span class='ocrx_word' id='word_1_205' title='bbox 784 2471 1032 2552; x_wconf 84' lang='grc' dir='ltr'>γεφύρης</span> <span class='ocrx_word' id='word_1_206' title='bbox 1065 2471 1398 2548; x_wconf 87' lang='grc' dir='ltr'>ἐντυχόντες,</span> <span class='ocrx_word' id='word_1_207' title='bbox 1429 2476 1483 2534; x_wconf 86' lang='grc' dir='ltr'>ἐς</span> <span class='ocrx_word' id='word_1_208' title='bbox 1517 2473 1712 2530; x_wconf 77' lang='grc' dir='ltr'>πᾶσαν</span> <span class='ocrx_word' id='word_1_209' title='bbox 1739 2469 1911 2547; x_wconf 73' lang='grc' dir='ltr'>σῖρρω-</span> 
     </span>
     <span class='ocr_line' id='line_1_29' title="bbox 314 2557 1910 2636; baseline -0.001 -18"><span class='ocrx_word' id='word_1_210' title='bbox 314 2561 435 2636; x_wconf 90' lang='grc' dir='ltr'>δίην</span> <span class='ocrx_word' id='word_1_211' title='bbox 475 2559 712 2619; x_wconf 76' lang='grc' dir='ltr'>ἀπίκατο</span> <span class='ocrx_word' id='word_1_212' title='bbox 757 2559 839 2636; x_wconf 86' lang='grc' dir='ltr'>μή</span> <span class='ocrx_word' id='word_1_213' title='bbox 880 2565 1064 2634; x_wconf 88' lang='grc' dir='ltr'>σφεας</span> <span class='ocrx_word' id='word_1_214' title='bbox 1111 2561 1166 2618; x_wconf 82' lang='grc' dir='ltr'>οἶ</span> <span class='ocrx_word' id='word_1_215' title='bbox 1210 2557 1395 2622; x_wconf 86' lang='grc' dir='ltr'>Ἴωνες</span> <span class='ocrx_word' id='word_1_216' title='bbox 1437 2559 1570 2617; x_wconf 83' lang='grc' dir='ltr'>ἔωσι</span> <span class='ocrx_word' id='word_1_217' title='bbox 1612 2557 1910 2617; x_wconf 76' lang='grc' dir='ltr'>ἀπολελοι-</span> 
     </span>
    </p>

    <p class='ocr_par' dir='ltr' id='par_1_3' title="bbox 222 2644 1914 3249">
     <span class='ocr_line' id='line_1_30' title="bbox 222 2644 1910 2725; baseline 0.001 -19"><span class='ocrx_word' id='word_1_218' title='bbox 222 2648 537 2710; x_wconf 87' lang='grc' dir='ltr'>141πότες.</span> <span class='ocrx_word' id='word_1_219' title='bbox 604 2646 724 2706; x_wconf 76' lang='grc' dir='ltr'>Ἠν</span> <span class='ocrx_word' id='word_1_220' title='bbox 778 2647 839 2705; x_wconf 86' lang='grc' dir='ltr'>δὲ</span> <span class='ocrx_word' id='word_1_221' title='bbox 902 2647 1031 2722; x_wconf 82' lang='grc' dir='ltr'>περὶ</span> <span class='ocrx_word' id='word_1_222' title='bbox 1083 2647 1323 2722; x_wconf 81' lang='grc' dir='ltr'>Δαρεῖον</span> <span class='ocrx_word' id='word_1_223' title='bbox 1391 2644 1530 2722; x_wconf 73' lang='grc' dir='ltr'>ἀνὴρ</span> <span class='ocrx_word' id='word_1_224' title='bbox 1591 2645 1910 2725; x_wconf 84' lang='grc' dir='ltr'>Αἰγύπτιος,</span> 
     </span>
     <span class='ocr_line' id='line_1_31' title="bbox 313 2730 1914 2816; baseline -0.004 -21"><span class='ocrx_word' id='word_1_225' title='bbox 313 2735 537 2811; x_wconf 87' lang='grc' dir='ltr'>φωνέων</span> <span class='ocrx_word' id='word_1_226' title='bbox 570 2736 841 2816; x_wconf 90' lang='grc' dir='ltr'>μέγιστον</span> <span class='ocrx_word' id='word_1_227' title='bbox 876 2732 1194 2810; x_wconf 73' lang='grc' dir='ltr'>ἀνθρώπων·</span> <span class='ocrx_word' id='word_1_228' title='bbox 1236 2738 1434 2793; x_wconf 83' lang='grc' dir='ltr'>τοῦτον</span> <span class='ocrx_word' id='word_1_229' title='bbox 1462 2732 1578 2814; x_wconf 80' lang='grc' dir='ltr'>[δὴ]</span> <span class='ocrx_word' id='word_1_230' title='bbox 1610 2732 1708 2792; x_wconf 76' lang='grc' dir='ltr'>τᾶν</span> <span class='ocrx_word' id='word_1_231' title='bbox 1739 2730 1914 2808; x_wconf 77' lang='grc' dir='ltr'>ἄνδρα</span> 
     </span>
     <span class='ocr_line' id='line_1_32' title="bbox 314 2820 1912 2900; baseline -0.002 -19"><span class='ocrx_word' id='word_1_232' title='bbox 314 2823 669 2884; x_wconf 82' lang='grc' dir='ltr'>καταστάντα</span> <span class='ocrx_word' id='word_1_233' title='bbox 718 2823 808 2882; x_wconf 88' lang='grc' dir='ltr'>ἐπὶ</span> <span class='ocrx_word' id='word_1_234' title='bbox 852 2826 955 2882; x_wconf 83' lang='grc' dir='ltr'>τοῦ</span> <span class='ocrx_word' id='word_1_235' title='bbox 994 2823 1216 2900; x_wconf 88' lang='grc' dir='ltr'>χείλεος</span> <span class='ocrx_word' id='word_1_236' title='bbox 1249 2827 1357 2881; x_wconf 83' lang='grc' dir='ltr'>τοῦ</span> <span class='ocrx_word' id='word_1_237' title='bbox 1390 2820 1642 2898; x_wconf 82' lang='grc' dir='ltr'>Ἴστρου,</span> <span class='ocrx_word' id='word_1_238' title='bbox 1686 2821 1912 2880; x_wconf 85' lang='grc' dir='ltr'>ἐκέλευε</span> 
     </span>
     <span class='ocr_line' id='line_1_33' title="bbox 313 2906 1909 2989; baseline -0.002 -19"><span class='ocrx_word' id='word_1_239' title='bbox 313 2916 550 2989; x_wconf 85' lang='grc' dir='ltr'>Δαρεῖος</span> <span class='ocrx_word' id='word_1_240' title='bbox 602 2911 821 2970; x_wconf 89' lang='grc' dir='ltr'>καλέειν</span> <span class='ocrx_word' id='word_1_241' title='bbox 876 2910 1147 2968; x_wconf 83' lang='grc' dir='ltr'>Ἱστιαῖον</span> <span class='ocrx_word' id='word_1_242' title='bbox 1201 2909 1513 2984; x_wconf 84' lang='grc' dir='ltr'>Μιλήσιον.</span> <span class='ocrx_word' id='word_1_243' title='bbox 1598 2907 1630 2968; x_wconf 79' lang='grc' dir='ltr'>ὁ</span> <span class='ocrx_word' id='word_1_244' title='bbox 1682 2910 1786 2984; x_wconf 84' lang='grc' dir='ltr'>μὲν</span> <span class='ocrx_word' id='word_1_245' title='bbox 1841 2906 1909 2982; x_wconf 74' lang='grc' dir='ltr'>δή</span> 
     </span>
     <span class='ocr_line' id='line_1_34' title="bbox 312 2994 1912 3074; baseline -0.003 -16"><span class='ocrx_word' id='word_1_246' title='bbox 312 3001 491 3058; x_wconf 82' lang='grc' dir='ltr'>ἐποίεε</span> <span class='ocrx_word' id='word_1_247' title='bbox 536 3004 730 3058; x_wconf 84' lang='grc' dir='ltr'>ταῦτα·</span> <span class='ocrx_word' id='word_1_248' title='bbox 791 2998 1055 3058; x_wconf 84' lang='grc' dir='ltr'>Ἱστιαῖος</span> <span class='ocrx_word' id='word_1_249' title='bbox 1102 2996 1162 3056; x_wconf 82' lang='grc' dir='ltr'>δὲ</span> <span class='ocrx_word' id='word_1_250' title='bbox 1215 2996 1534 3059; x_wconf 86' lang='grc' dir='ltr'>ἐπακούσας</span> <span class='ocrx_word' id='word_1_251' title='bbox 1586 2999 1662 3074; x_wconf 72' lang='grc' dir='ltr'>τῷ</span> <span class='ocrx_word' id='word_1_252' title='bbox 1714 2994 1912 3072; x_wconf 76' lang='grc' dir='ltr'>πρώτῳ</span> 
     </span>
     <span class='ocr_line' id='line_1_35' title="bbox 312 3082 1911 3164; baseline -0.007 -20"><span class='ocrx_word' id='word_1_253' title='bbox 312 3086 671 3162; x_wconf 87' lang='grc' dir='ltr'>κελεύσματι,</span> <span class='ocrx_word' id='word_1_254' title='bbox 705 3085 804 3148; x_wconf 81' lang='grc' dir='ltr'>τάς</span> <span class='ocrx_word' id='word_1_255' title='bbox 841 3112 904 3144; x_wconf 87' lang='grc' dir='ltr'>τε</span> <span class='ocrx_word' id='word_1_256' title='bbox 944 3085 1068 3146; x_wconf 86' lang='grc' dir='ltr'>νέας</span> <span class='ocrx_word' id='word_1_257' title='bbox 1108 3083 1342 3146; x_wconf 70' lang='grc' dir='ltr'>ἁπάσας</span> <span class='ocrx_word' id='word_1_258' title='bbox 1373 3087 1608 3160; x_wconf 82' lang='grc' dir='ltr'>παρεῖχε</span> <span class='ocrx_word' id='word_1_259' title='bbox 1649 3082 1911 3164; x_wconf 75' lang='grc' dir='ltr'>διαπορθ-</span> 
     </span>
     <span class='ocr_line' id='line_1_36' title="bbox 310 3170 1913 3249; baseline -0.002 -19"><span class='ocrx_word' id='word_1_260' title='bbox 310 3174 493 3245; x_wconf 87' lang='grc' dir='ltr'>μεύειν</span> <span class='ocrx_word' id='word_1_261' title='bbox 558 3173 663 3248; x_wconf 77' lang='grc' dir='ltr'>τὴν</span> <span class='ocrx_word' id='word_1_262' title='bbox 730 3171 1000 3249; x_wconf 77' lang='grc' dir='ltr'>στρατιὴν</span> <span class='ocrx_word' id='word_1_263' title='bbox 1068 3171 1160 3228; x_wconf 83' lang='grc' dir='ltr'>καὶ</span> <span class='ocrx_word' id='word_1_264' title='bbox 1225 3170 1328 3244; x_wconf 78' lang='grc' dir='ltr'>τήν</span> <span class='ocrx_word' id='word_1_265' title='bbox 1393 3171 1646 3248; x_wconf 87' lang='grc' dir='ltr'>γέφυραν</span> <span class='ocrx_word' id='word_1_266' title='bbox 1715 3170 1913 3238; x_wconf 76' lang='grc' dir='ltr'>ἔζευξε.</span> 
     </span>
    </p>

    <p class='ocr_par' dir='ltr' id='par_1_4' title="bbox 222 3255 1914 3336">
     <span class='ocr_line' id='line_1_37' title="bbox 222 3255 1914 3336; baseline 0 -24"><span class='ocrx_word' id='word_1_267' title='bbox 222 3259 241 3294; x_wconf 73' lang='lat'>¹</span> <span class='ocrx_word' id='word_1_268' title='bbox 257 3259 333 3313; x_wconf 83' lang='lat'>42</span> <span class='ocrx_word' id='word_1_269' title='bbox 356 3261 579 3334; x_wconf 85' lang='grc' dir='ltr'>Πέρσαι</span> <span class='ocrx_word' id='word_1_270' title='bbox 610 3261 715 3336; x_wconf 85' lang='grc' dir='ltr'>μὲν</span> <span class='ocrx_word' id='word_1_271' title='bbox 742 3259 815 3319; x_wconf 83' lang='grc' dir='ltr'>ὦν</span> <span class='ocrx_word' id='word_1_272' title='bbox 849 3257 988 3318; x_wconf 75' lang='grc' dir='ltr'>οὕτω</span> <span class='ocrx_word' id='word_1_273' title='bbox 1026 3256 1385 3336; x_wconf 85' lang='grc' dir='ltr'>ἐκφεύγουσι·</span> <span class='ocrx_word' id='word_1_274' title='bbox 1428 3255 1637 3318; x_wconf 80' lang='grc' dir='ltr'>Σκύθαι</span> <span class='ocrx_word' id='word_1_275' title='bbox 1677 3255 1737 3316; x_wconf 59' lang='grc' dir='ltr'>δὲ</span> <span class='ocrx_word' id='word_1_276' title='bbox 1767 3255 1914 3329; x_wconf 79' lang='grc' dir='ltr'>διζή-</span> 
     </span>
    </p>
   </div>
   <div class='ocr_carea' id='block_1_2' title="bbox 2213 605 2216 1350">
    <p class='ocr_par' dir='ltr' id='par_1_5' title="bbox 2213 605 2216 1350">
     <span class='ocr_line' id='line_1_38' title="bbox 2213 605 2216 1350; baseline 0 0"><span class='ocrx_word' id='word_1_277' title='bbox 2213 605 2216 1350; x_wconf 95' lang='lat' dir='ltr'> </span> 
     </span>
    </p>
   </div>
   <div class='ocr_carea' id='block_1_3' title="bbox 2211 605 2218 2066">
    <p class='ocr_par' dir='ltr' id='par_1_6' title="bbox 2211 605 2218 2066">
     <span class='ocr_line' id='line_1_39' title="bbox 2211 605 2218 2066; baseline 0 0"><span class='ocrx_word' id='word_1_278' title='bbox 2211 605 2218 2066; x_wconf 95' lang='lat' dir='ltr'> </span> 
     </span>
    </p>
   </div>
   <div class='ocr_carea' id='block_1_4' title="bbox 2213 2229 2217 3062">
    <p class='ocr_par' dir='ltr' id='par_1_7' title="bbox 2213 2229 2217 3062">
     <span class='ocr_line' id='line_1_40' title="bbox 2213 2229 2217 3062; baseline 0 0"><span class='ocrx_word' id='word_1_279' title='bbox 2213 2229 2217 3062; x_wconf 95' lang='lat' dir='ltr'> </span> 
     </span>
    </p>
   </div>
  </div>
 </body>
</html>
