2267 3517
247 120 278 163 2
780 102 784 106 ’
851 118 1210 168 ἩΡοΔοῑιότ
1774 118 1845 181 [1.

245 193 306 253 δὲ
342 199 397 259 ἐς
430 195 536 272 τὴν
571 197 670 257 νέα
705 197 964 277 οἴχεσθαι
993 196 1383 261 ἀποπλέοντας
1419 195 1504 257 ἐπ’
1540 195 1847 278 Αἰγύπτου.

178 280 216 341 2
249 280 410 341 Οὕτω
435 286 540 360 μὲν
564 282 710 345 Ἰοῦν
731 290 786 348 ἐς
811 285 1098 366 Αἴγυπτον
1117 284 1419 345 ἀπικέσθαι
1438 285 1674 364 λέγουσι
1700 285 1847 362 Πέρ-

243 395 362 439 σαι,
405 370 506 431 οῦκ
547 370 618 436 ὥς
654 371 950 449 Ἕλληνες·
1007 373 1098 431 καὶ
1137 376 1248 432 τῶν
1290 370 1638 448 ἀδικημάτων
1678 374 1847 431 τοῦτο

243 454 408 534 ἄρξαι
449 462 688 536 πρῶτον·
729 459 874 536 μετὰ
913 460 973 518 δὲ
1010 464 1204 529 ταῦτα,
1240 458 1531 534 Ἐλληνων
1570 457 1724 521 τινας
1755 456 1847 538 (οὗ

240 544 354 657 γάρ
374 547 570 625 ἔχουσι
587 573 834 624 τουνομα
855 546 1289 635 ἀπηγήσασθαι)
1308 546 1457 623 φασὶ
1475 549 1576 623 τῆς
1590 546 1846 621 Φοινίκης

243 636 300 695 ἐς
345 634 526 712 Τύρον
566 634 940 714 προσχόντας,
983 633 1240 712 ἀρπάσαι
1278 638 1379 694 τοῦ
1424 634 1705 710 βασιλέος
1741 632 1845 709 τὴν

242 720 520 802 θυγατέρα
559 722 853 800 Ευρῶπην·
903 723 1124 804 (εἴησαν
1172 722 1217 782 δ’
1265 719 1335 782 αν
1376 719 1529 781 οὗτοι
1576 722 1843 801 Κρῆτες·)

240 812 417 868 ταῦτα
455 811 560 886 μὲν
596 809 664 885 δὴ
697 811 799 871 ἵσα
828 816 942 886 σφι
981 810 1121 887 πρὸς
1152 810 1254 869 ἴσα
1278 810 1569 889 ,γενέσθαν
1611 807 1755 884 μετοὶ
1784 808 1844 868 δὲ

240 899 434 967 ταῦτα,
457 896 748 972 Ἕλληνας
789 898 993 960 αἰτίους
1021 900 1122 973 τῆς
1154 896 1408 973 δευτέρης
1448 895 1659 971 ἀδικίης
1693 896 1843 975 γενέ-

243 982 401 1042 σθαι·
436 983 914 1049 καταπλώσαντας
937 982 1049 1065 γὰρ
1076 986 1266 1062 μακρῇ
1292 982 1383 1057 νηῒ
1410 985 1465 1044 ἐς
1484 979 1627 1040 Αἰοίν
1652 1006 1714 1040 τε
1738 982 1843 1058 τήν

242 1072 503 1151 Κολχίδα
525 1072 617 1131 καὶ
645 1073 736 1131 ε’πὶ
757 1077 942 1133 Φᾶσιν
959 1070 1234 1150 ποταμόν,
1258 1070 1523 1139 ἐνθεῦτεν,
1544 1068 1842 1146 διαπρηξα-

240 1158 438 1234 μένους
464 1161 558 1219 καὶ
586 1159 778 1221 τᾶλλα
805 1165 917 1221 τῶν
945 1160 1145 1220 εἵνεκεν
1172 1158 1427 1227 ἀπίκατο,
1456 1155 1711 1234 ἁρπάσαι
1739 1161 1840 1217 τοῦ

239 1246 517 1321 βασιλέος
551 1247 656 1323 τὴν
687 1248 965 1328 θυγατέρα
999 1246 1273 1322 Μήδειαν·
1314 1246 1615 1325 πέμψαντα
1652 1244 1712 1303 δὲ
1739 1244 1841 1305 τόν

241 1332 478 1411 Κόλχον
509 1338 564 1397 ές
587 1333 692 1409 τήν
716 1333 972 1393 Ἑλλάδα
998 1333 1225 1411 κήρυκα,
1254 1334 1451 1393 αἰτέειν
1475 1358 1539 1393 τε
1564 1332 1716 1395 δίκας
1741 1336 1841 1408 τῆς

241 1418 498 1501 ἀρπαγῆς
537 1422 632 1480 καὶ
663 1420 944 1481 ἀπαιτέειν
979 1419 1085 1496 τήν
1121 1420 1415 1501 θυγατέρα·
1454 1417 1585 1483 τοῦς
1616 1419 1677 1479 δὲ
1705 1421 1839 1479 ὖπο-

243 1507 554 1584 κρίνασθαι,
584 1507 654 1571 ὦς
682 1507 808 1567 οὐδὲ
835 1510 1031 1567 ἐκεῖνοι
1055 1505 1201 1569 Ἰοῦς
1234 1510 1335 1583 τῆς
1359 1505 1613 1586 Ἀργείης
1639 1505 1839 1567 ἔδοσάν

241 1600 355 1670 σφι
370 1594 522 1659 δίκας
535 1598 635 1671 τῆς
652 1594 924 1677 ἀρπαγῆς,
942 1592 1067 1653 οὐδὲ
1083 1593 1157 1655 ὦν
1174 1592 1331 1654 αὐτοὶ
1346 1592 1545 1653 δώσειν
1560 1594 1837 1655 ἐκείνοισι.

177 1684 216 1743 3
245 1682 489 1761 Δευτέρῃ
525 1682 585 1742 δὲ
620 1684 856 1765 λέγουσι
888 1686 1052 1763 γενεῇ
1087 1680 1231 1759 μετὰ
1264 1686 1441 1741 ταῦτα
1470 1679 1839 1759 Ἀλέξανδρον

237 1768 338 1829 τόν
377 1769 640 1847 Πριάμου
681 1769 961 1847 ἀκηκοότα
997 1773 1191 1839 ταῦτα,
1232 1769 1506 1844 ἐθελῆσαί
1542 1771 1596 1828 οἱ
1636 1773 1697 1828 ἐκ
1735 1773 1837 1845 τῆς

239 1856 517 1920 Ἑλλάδος
539 1857 606 1917 δι’
628 1856 886 1939 ἀρπαγῆς
903 1856 1168 1939 γενέσθαι
1192 1860 1444 1939 γυναῖκα,
1468 1856 1839 1933 ἐπιστάμενον

239 1943 457 2025 πάντως
483 1944 571 2005 ὅτι
598 1944 663 2005 οὗ
685 1944 852 2005 δώσει
871 1945 1042 2007 δίκας·
1071 1943 1197 2004 οὐδὲ
1220 1943 1333 2025 γάρ
1354 1944 1587 2008 ἐκείνους
1608 1943 1834 2004 διδόναι·

240 2032 382 2092 οὕτω
417 2032 485 2108 δη
518 2032 876 2111 ἀρπάσαντος
914 2030 1084 2093 αὐτοῦ
1114 2031 1365 2109 Ἑλένην,
1397 2036 1551 2093 τοῖσι
1579 2030 1835 2109 Ἕλλησι

239 2119 395 2189 δόξαι
451 2126 672 2199 πρῶτον
727 2122 1055 2201 πέμψαντας
1113 2119 1389 2203 ἀγγέλους
1443 2118 1723 2180 ἀπαιτέειν
1772 2144 1836 2179 τε

236 2205 470 2283 Ἑλένην
521 2210 614 2267 καὶ
660 2208 813 2272 δίκας
857 2212 960 2285 τῆς
1006 2208 1262 2289 ἀρπαγῆς
1310 2209 1526 2269 αἰτέειν·
1579 2232 1712 2271 τους
1757 2207 1833 2279 δὲ,

237 2296 662 2373 προϊσχομένων
702 2294 894 2363 ταῦτα,
937 2295 1241 2371 προφέρειν
1286 2301 1399 2370 σφι
1444 2294 1695 2371 Μηδείης
1729 2298 1836 2370 τήν

239 2380 519 2462 ἀρπαγην·
573 2406 646 2444 ως
687 2406 752 2439 ου
795 2380 980 2443 δόντες
1021 2380 1181 2440 αὐτοὶ
1222 2381 1377 2445 δίκας
1419 2380 1545 2441 οὐδὲ
1589 2380 1835 2445 ἐκδόντες

237 2467 624 2538 ἀπαιτεόντων,
651 2467 964 2545 βουλοίατό
990 2474 1104 2543 σφι
1128 2466 1259 2544 παρ’
1286 2466 1475 2527 αλλων
1511 2468 1665 2531 δίκας
1692 2470 1832 2549 γίνε-

173 2558 212 2617 4
241 2558 396 2617 σθαι.
480 2556 670 2635 Μέχρι
699 2557 804 2632 μὲν
840 2554 915 2616 ὧν
944 2555 1145 2616 τούτου
1177 2554 1433 2636 ἀρπαγσῖς
1456 2554 1664 2633 μούνας
1698 2555 1835 2615 εἰναι

235 2642 368 2720 παρ’
389 2642 675 2719 ἀλλήλων·
702 2642 773 2702 *to*
794 2642 854 2703 δὲ
880 2642 995 2702 ἀπὸ
1020 2641 1238 2713 τούτου,
1256 2642 1545 2719 Ἕλληνας
1568 2641 1639 2718 δή
1664 2642 1834 2722 μεγά-

235 2734 348 2794 λως
374 2732 580 2795 αἰτίους
602 2730 887 2812 γενέσθαι·
918 2732 1221 2809 προτέρους
1243 2729 1355 2813 γάρ
1377 2728 1543 2808 ἄρξαι
1570 2728 1834 2808 στρατεύ-

239 2819 405 2879 εσθαι
441 2823 496 2881 ἐς
529 2817 634 2894 τὴν
669 2816 870 2895 Ἀσίην
893 2816 932 2895 ἦ
963 2819 1148 2894 σφέας
1181 2823 1236 2881 ἐς
1264 2817 1369 2894 τήν
1394 2816 1686 2895 Εὐρώπην.
1766 2817 1834 2878 τὰ

234 2906 341 2983 μέν
377 2930 484 2965 νυν·
509 2904 775 2983 ἁρπάζειν
806 2908 1070 2987 γυναῖκας
1109 2904 1321 2983 ἀνδρῶν
1360 2904 1561 2966 ἀδίκων
1593 2905 1836 2982 νομίζειν

240 2994 403 3075 ἔργον
424 2992 579 3062 εἰναι,
599 2992 666 3052 τό
684 2993 742 3052 δὲ
763 2991 1189 3070 ἁρπασθεισέων
1210 2993 1465 3069 σπουδήν
1482 2992 1835 3069 ποιήσασθαι

235 3082 520 3158 τιμωρέειν
573 3078 834 3156 ἀνοήτων,
893 3079 984 3161 [το
1042 3081 1103 3139 δὲ
1160 3080 1435 3159 μηδεμίαν
1492 3078 1637 3159 ὥρην
1692 3079 1837 3158 ἔχειν

235 3166 682 3243 ἁρπασθεισέων,
715 3166 1064 3249 σωφρόνων]
1105 3164 1255 3241 δῆλα
1289 3166 1401 3251 γὰρ
1438 3166 1571 3245 δη
1540 3193 1643 3238 οτι,
1677 3170 1726 3225 εἰ
1754 3164 1836 3241 μή

237 3252 400 3313 αὐταὶ
426 3254 754 3324 ε’βουλέατο,
784 3254 883 3343 οὐκ
909 3252 980 3316 αν
1004 3254 1340 3332 ἡρπάζοντο.
1409 3256 1595 3333 σφέας
1618 3255 1725 3330 μὲν
1749 3250 1835 3326 δὴ,

279 3450 312 3483 ι
