2267 3517
355 127 453 174 236
955 125 1332 174 ἭΡοΔοϊοτ
1812 124 1947 190 [111.

357 203 513 272 ἔδοξέ
543 210 657 278 σφι
693 204 930 265 ἕκαστον
969 203 1143 282 ἄνδρα
1182 205 1451 282 Περσέων
1479 205 1953 282 προσεταιρίσασ-

357 291 468 360 θαι,
493 294 692 367 τοῦτον
720 295 799 370 τῷ
821 291 1073 352 πιστεύει
1101 291 1379 368 μάλιστα.
1450 290 1690 367 Ὀτάνης
1722 293 1829 368 μέν
1860 319 1955 354 νυν

357 377 643 459 εἰσάγεται
705 377 1075 455 Ἰνταφέρνεα,
1141 378 1411 456 Γωβρύης
1474 379 1533 438 δὲ
1594 379 1953 460 Μεγάβυζον,

356 465 704 542 Ἀσπαθίνης
743 467 802 525 δὲ
839 465 1123 544 Ὑδάρνεα·
1179 464 1487 549 γεγονότων
1529 466 1588 525 δὲ
1626 465 1837 527 τούτων
1878 467 1953 538 ἓξ,

358 554 721 634 παραγίνεται
757 559 812 618 ἐς
849 553 920 614 τά
955 556 1151 617 Σοῦσα
1184 557 1420 632 Δαρεῖος
1445 553 1477 615 o‘
1503 552 1861 619 εΥσϊάσπεος
1896 560 1956 615 ἐκ

363 643 629 718 Περσέων
654 642 818 717 ἥκων·
857 640 1065 703 τούτων
1089 642 1200 723 γὰρ
1226 642 1294 718 δή
1320 640 1392 717 ἦν
1424 645 1477 702 οἱ
1509 642 1542 702 ὅ
1573 641 1760 720 πατὴρ
1786 642 1956 721 ῦπαρ-

361 755 482 807 χος·
525 729 643 788 ἐπεὶ
681 728 755 791 ὦν
791 728 953 795 οὗτος
987 729 1235 801 οἷπίκετο,
1261 735 1413 790 τοῖσι
1451 730 1514 800 ἓξ
1544 733 1656 790 τῶν
1689 732 1956 807 Περσέων

247 817 340 880 ,71
364 817 514 886 ἔδοξε
551 817 642 876 καὶ
679 821 919 895 Δαρεῖον
950 817 1519 894 προσεταιρίσασθαι.
1588 817 1959 882 Συνελθόντες

365 905 425 964 δὲ
471 903 640 975 οὗτοι,
687 905 866 969 ἐόντες
913 905 1070 976 ἔπτὰ,
1116 904 1373 965 ἐδίδοσάν
1394 910 1592 980 ’σφισι
1633 905 1826 970 πίστις
1866 907 1959 965 καὶ

362 992 586 1074 λόγους.
648 993 773 1052 ἐπεί
791 1019 852 1053 τε
880 993 940 1052 δὲ
967 999 1021 1057 ἐς
1049 997 1289 1064 Δαρεῖον
1314 992 1543 1052 ἀπίκετο
1568 993 1795 1072 γνώμην
1822 992 1958 1056 αἶπο-

364 1083 684 1157 φαίνεσθαι,
713 1082 873 1163 ἔλεγέ
898 1087 1010 1158 σφι
1031 1079 1183 1141 τάδε·
1227 1091 1262 1117 “
1278 1080 1387 1162 ἐγώ
1410 1085 1586 1142 ταῦτα
1614 1081 1832 1142 ἐδόκεον
1854 1084 1959 1158 μὲν

363 1169 528 1252 αὑτὰς
571 1173 776 1246 μοῦνος
821 1170 1181 1238 ἐπίστασθαι,
1230 1166 1317 1228 ὅτι
1361 1193 1424 1228 τε
1471 1167 1503 1228 ὁ
1551 1168 1753 1248 Μάγος
1800 1169 1885 1246 εἵη
1925 1169 1958 1230 ὁ

363 1258 688 1333 βασιλεύων
731 1259 824 1316 καὶ
867 1257 1103 1335 Σμέρδις
1143 1255 1176 1318 ὅ
1217 1256 1406 1334 Κύρου
1445 1256 1819 1340 τετελεύτηκε·
1868 1259 1960 1318 καὶ

365 1345 534 1405 αὑτοῦ
557 1345 758 1405 τούτου
791 1345 991 1405 εἵνεκεν
1014 1342 1132 1420 ἥκω
1166 1345 1405 1422 σπουδῇ,
1435 1344 1506 1408 ὥς
1536 1345 1843 1419 συστήσων
1868 1348 1961 1405 ἐπὶ

287 1433 296 1442 ’
363 1437 441 1512 τῷ
471 1433 655 1513 Μάγῳ
693 1432 950 1493 θάνατον·
995 1433 1118 1492 ἐπεί
1152 1458 1216 1492 τε
1254 1433 1314 1492 δὲ
1354 1431 1641 1508 συνήνεικε
1682 1431 1826 1493 ὥστε
1868 1435 1961 1493 καὶ

365 1519 535 1597 ὑμέας
562 1521 758 1581 εἰδέναι
789 1521 882 1579 καὶ
911 1520 992 1597 μὴ
1018 1523 1227 1597 μοῦνον
1254 1523 1367 1597 ἐμὲ,
1396 1522 1603 1581 ποιέειν
1629 1519 1827 1580 αὐτίκα
1861 1547 1961 1598 μοι

367 1607 543 1667 δοκέει
570 1609 662 1668 καὶ
684 1607 767 1685 μή
788 1607 1278 1684 ὑπερβάλλεσθαι·
1309 1607 1375 1668 οὑ
1394 1607 1505 1689 γάρ
1526 1607 1800 1685 ἅμεινον.”
1842 1608 1962 1669 εἶπε

366 1695 507 1772 πρός
538 1699 712 1756 ταῦτα
747 1694 780 1756 ὁ
817 1694 1074 1772 Ὀτάνης·
1116 1705 1153 1731 “
1170 1695 1213 1755 ὦ
1247 1699 1355 1755 παῖ
1384 1695 1754 1766 Ὑστάσπεος,
1790 1697 1867 1759 εἷς
1900 1723 1963 1756 τε

365 1782 576 1862 πατρὸς
612 1783 827 1865 άγαθοῦ
869 1785 962 1843 καὶ
997 1785 1279 1860 ἐκφαίνειν
1315 1785 1495 1848 ἔοικας
1531 1784 1776 1844 σεωυτὸν
1803 1784 1965 1845 ἐόντα

364 1875 467 1932 τοῦ
517 1872 728 1949 πατρὸς
780 1871 935 1933 οὐδὲν
980 1871 1166 1948 ἥσσω·
1222 1870 1326 1949 τὴν
1376 1871 1568 1948 μέντοι
1616 1873 1963 1951 ἐπιχείρησιν

363 1961 569 2038 ταύτην
611 1961 693 2038 μή
735 1960 874 2022 οὕτω
919 1959 1229 2039 συντάχυνε
1270 1957 1547 2036 ἀβούλως,
1590 1958 1721 2018 ἀλλ’
1767 1961 1857 2019 ἐπὶ
1896 1960 1962 2020 τό

367 2050 830 2128 σωφρονέστερον
871 2047 1044 2125 αὑτήν
1099 2047 1382 2125 λάμβανε·
1437 2047 1522 2106 δεῖ
1565 2047 1677 2128 γάρ
1722 2052 1965 2112 πλεῦνας

319 2149 330 2158 ”
364 2138 694 2218 γενομένους
746 2137 887 2198 οὕτω
941 2133 1314 2215 ἐπιχειρέειν.”
1398 2136 1554 2214 λέγει
1598 2134 1739 2211 πρός
1790 2139 1967 2195 ταῦτα

368 2230 620 2302 Δαρεῖος·
661 2224 903 2302 ’(ἅνδρες
943 2227 997 2283 οἱ
1027 2223 1342 2300 παρεόντες,
1368 2223 1555 2302 τρόπῳ
1590 2226 1668 2303 τῷ
1698 2225 1966 2303 εἰρημένῳ

367 2313 428 2382 ἐξ
453 2312 696 2374 Ὀτάνεω
738 2316 786 2370 εἷ
823 2311 1133 2390 χρήσεσθε,
1169 2312 1480 2370 ἐπίστασθε
1521 2310 1608 2370 ὅτι
1649 2309 1967 2371 ἀπολέεσθε

367 2400 624 2460 κάκιστα·
659 2399 866 2469 ἐξοίσει
891 2399 1000 2479 γάρ
1027 2423 1110 2462 τις
1136 2397 1277 2475 πρός
1301 2397 1401 2458 τόν
1427 2397 1649 2478 Μάγον,
1680 2399 1789 2477 ἰδίῃ
1815 2424 1968 2476 περι-

365 2487 729 2565 βαλλόμενος
744 2491 921 2565 ἐωυτῷ
937 2486 1148 2563 κέρδεα.
1189 2485 1444 2562 μάλιστα
1462 2487 1567 2562 μέν
1586 2512 1682 2546 νυν
1698 2485 1971 2562 ὠφείλετε

368 2575 453 2634 ἐπ’
473 2574 652 2652 ὑμέων
679 2572 858 2633 αὐτῶν
883 2572 1198 2648 βαλόμενοι
1222 2572 1427 2632 ποιέειν
1446 2576 1640 2632 ταῦτα·
1676 2574 1801 2633 ἐπεί
1819 2599 1881 2633 τε
1907 2574 1971 2633 δὲ

367 2662 499 2740 ὑμῖν
515 2662 810 2738 ἀναφέρειν
829 2666 883 2724 ἐς
897 2663 1141 2724 πλεῦνας
1162 2659 1342 2719 ἐδόκεε
1360 2660 1452 2719 καὶ
1470 2661 1593 2738 ἐμοὶ
1610 2660 1969 2738 ὑπερέθεσθε,

367 2749 404 2827 ἢ
429 2751 699 2828 ποιέωμεν
725 2748 988 2827 σήμερον,
1017 2746 1055 2824 ἢ
1082 2747 1223 2818 ἴστε,
1249 2747 1380 2825 ὑμῖν
1407 2747 1493 2808 ὅτι
1518 2745 1588 2824 ἢν
1614 2748 1904 2827 ὑπερπέσῃ
1928 2746 1971 2825 ἤ

366 2843 463 2898 νῦν
481 2837 678 2915 ἦμέρη,
704 2835 774 2900 ὥς
800 2836 900 2896 οὑκ
927 2835 1106 2899 ἄλλος
1128 2835 1278 2912 φθοὶς
1305 2840 1434 2913 ἐμεῦ
1462 2837 1771 2919 κατήγορος
1792 2840 1971 2907 ἔσται,

371 2926 526 2986 ἀλλά
569 2933 726 3003 σφεα.
761 2923 927 2987 αὗτός
960 2923 1067 3005 ἐγὼ
1112 2925 1349 3001 κατερέω
1387 2925 1528 3002 πρὸς
1567 2925 1668 2984 τὸν
1713 2922 1973 3006 Μάγον.”

274 3017 348 3074 72
370 3016 538 3096 Λέγει
563 3015 704 3092 πρός
730 3016 906 3072 ταῦτα
929 3011 1189 3088 Ὀτάνης,
1215 3011 1402 3088 ἐπειδὴ
1433 3011 1548 3089 ὥρα
1579 3011 1975 3091 σπερχόμενον

371 3105 628 3180 Δαρεῖον·
663 3111 698 3137 “
717 3099 840 3160 ἐπεί
858 3125 922 3159 τε
944 3098 1121 3177 ἡμέας
1148 3099 1509 3178 συνταχύνειν
1529 3098 1852 3179 ἀναγκάζεις
1873 3100 1970 3159 καὶ

367 3189 836 3267 ὑπερβάλλεσθαι
865 3186 963 3245 οὐκ
984 3191 1094 3265 ἐᾷς,
1113 3187 1195 3247 ἴθι
1222 3187 1416 3267 ἐξηγέο
1436 3187 1602 3248 αῦτός
1621 3187 1757 3266 ὅτεῳ
1776 3187 1971 3267 τρόπῳ

367 3276 605 3352 πάριμεν
629 3281 684 3339 ἐς
711 3274 784 3335 τὰ
809 3273 1110 3352 βασιλήῖα,
1140 3275 1232 3334 καὶ
1258 3273 1687 3353 ἐπιχειρήσομεν
1714 3273 1965 3335 αὑτοῖσι·
