2267 3517
294 150 389 198 146
888 148 1256 199 ‘HPOAo'ro'r
1785 149 1888 215 [Π.

292 226 573 303 εἰρινέοισι
606 228 801 303 εἵμασι
832 225 1138 302 θαφθῆναι,
1165 229 1289 288 ἔστι
1320 226 1380 286 δὲ
1412 228 1540 304 περὶ
1567 225 1748 287 αὖτῶν
1773 230 1891 307 ipa-3

292 313 465 394 λόγος
489 312 811 394 λεγόμενος.

196 403 275 462 82
375 401 491 459 Καὶ
515 400 646 460 τάδε
672 399 827 459 ἄλλα
846 400 1212 481 Αἰγυπτίοισί
1233 406 1355 461 ἐστι
1383 401 1732 479 ἐξευρημένα·
1768 404 1888 479 μείς

291 514 356 549 τε
380 489 473 548 καὶ
496 488 677 565 ἡμέρη
706 486 915 563 ἑκάστη
942 489 1082 548 θεῶν
1108 486 1235 547 ὅτευ
1261 488 1404 549 ἐστι’·
1437 490 1529 547 καὶ
1554 492 1626 567 τῇ
1655 490 1890 555 ἕκαστος

290 574 471 655 ἦμέρῃ
495 574 807 657 γενόμενος,
834 574 1049 635 ὁτέοισι
1081 574 1376 656 ἐγκυρήσει
1411 576 1505 633 καὶ
1535 574 1673 639 ὅκως
1700 580 1888 636 τελευ-

539 662 611 685 §G
680 661 735 683 ΑΙ

290 662 453 775 *fija-ec
469 689 561 721 και
581 687 762 725 οκοιος
779 687 867 725 τις
886 662 1064 721 ἔσται·
1093 662 1186 719 καὶ
1199 660 1454 722 τούτοισι
1470 666 1582 722 τῶν
1599 661 1888 739 Ἑλλήνων

293 754 348 810 οἶ
375 754 434 810 ἐν
457 749 687 826 ποιήσει
710 749 999 829 γενόμενοι
1025 748 1361 827 ἐχρήσαντο.
1423 749 1628 826 τέρατα
1650 775 1714 809 τε
1738 752 1888 811 πλέα

290 843 404 913 σφι
442 836 733 915 ἀνεύρηται
762 834 799 913 ἢ
830 840 984 895 τοῖσι
1002 878 1005 881 -
1022 835 1258 895 ἄλλοισι
1297 834 1479 895 ἅπασι
1519 836 1884 914 ἀνθρώποισι·

288 925 589 1006 γενομένου
639 922 751 1005 γοῖρ
803 924 1047 1001 τέρατος,
1103 922 1478 999 φυλάσσουσι
1535 924 1887 1004 γραφόμενοι

288 1012 661 1087 τώποβαῖνον·
704 1011 797 1069 καὶ
821 1009 891 1087 ἤν
916 1036 1043 1071 κοτε
1068 1009 1307 1087 ὕστερον
1337 1010 1739 1089 παραπλήσιον
1761 1011 1888 1073 τού-

288 1126 365 1181 τῳ
409 1102 652 1183 γένηται,
701 1097 842 1157 κατὰ
894 1096 1069 1159 τῶυτό
1116 1098 1410 1175 νομίζουσι
1457 1096 1883 1175 ἀποβήσεσθαι.

196 1190 273 1248 83
292 1188 552 1263 Mamm)
596 1188 655 1247 δὲ
702 1185 924 1245 αὐτοῖσι
968 1183 1071 1245 ὧδε
1111 1186 1402 1246 διακέεται·
1443 1185 1743 1263 ἀνθρώπων
1781 1190 1885 1264 μὲν

280 1275 469 1336 οὐδενὶ
509 1276 847 1353 προσκέεται
882 1294 922 1349 η
961 1274 1148 1353 τέχνη,
1179 1278 1289 1334 τῶν
1329 1274 1390 1333 δὲ
1428 1275 1569 1335 θεῶν
1607 1275 1884 1351 μετεξετέ-

287 1388 460 1439 ροισι·
503 1364 595 1421 καὶ
619 1361 730 1443 γοὶρ
756 1360 1070 1437 Ἡρακλέος
1102 1361 1373 1437 μαντήϊον
1405 1360 1602 1423 αὐτόθι
1638 1362 1760 1422 ἐστὶ
1791 1389 1884 1422 και

289 1449 651 1511 ’Λπόλλωνος
677 1448 769 1507 καὶ
792 1446 1091 1523 Ἀθηναίης
1116 1449 1210 1507 καὶ
1233 1448 1558 1527 Ἀρτέμιδος
1576 1450 1668 1508 καὶ
1683 1434 1884 1527 Ἄρεος

290 1539 383 1597 καὶ
410 1537 561 1607 Διός,
593 1536 701 1605 καὶ,
729 1560 827 1616 ογε
858 1535 1114 1612 μάλιστα
1152 1540 1210 1596 ἐν
1241 1539 1378 1615 τιμῇ
1405 1536 1636 1617 ἄγονται
1663 1537 1883 1598 πάντων

288 1630 400 1687 τῶν
444 1624 737 1701 μαντηΐων,
785 1626 1004 1698 Λητοῦς
1052 1628 1110 1683 ἐν
1155 1628 1364 1684 Βουτοῖ
1405 1623 1546 1684 πόλι
1592 1625 1734 1684 ἐστί.
1815 1623 1882 1685 οὗ

287 1713 477 1790 μέντοι
504 1711 654 1793 αἵγε
680 1708 949 1787 μαντήῖαί
970 1715 1083 1785 σφι
1109 1710 1251 1771 κατα
1277 1710 1455 1772 τῶυτό
1483 1714 1700 1782 ἑστᾶσι,
1727 1710 1881 1771 ἀλλὰ

193 1803 269 1861 84
288 1799 553 1877 διάφοροί
582 1802 711 1858 εἶσι.
775 1797 853 1856 Ἡ
886 1797 946 1856 δὲ
974 1798 1190 1877 ἰητρικὴ
1218 1797 1360 1860 κατὰ
1384 1798 1518 1858 τάδε
1543 1805 1656 1875 σφι
1687 1799 1880 1859 δέδασ-

286 1914 398 1948 ται·
424 1892 556 1964 μιῆς
568 1885 775 1948 νούσου
797 1886 1029 1949 ἕκαστος
1052 1887 1234 1964 ἰητρός
1256 1891 1394 1958 ἐστι,
1414 1886 1506 1945 καὶ
1525 1884 1590 1963 οὗ
1611 1886 1878 1947 πλεόνων·

244 1975 469 2037 πάντα
508 1974 554 2035 δ’
589 1978 785 2053 ἰητρῶν
822 1974 946 2034 ἐστὶ
985 1975 1153 2033 πλέα·
1196 2000 1250 2033 οι
1288 1976 1392 2051 μὲν
1425 1972 1535 2054 γὰρ
1568 1972 1881 2051 ὀφθαλμῶν

288 2065 467 2142 ἰητροὶ
493 2062 843 2133 κατεστέασι,
873 2065 928 2121 οἱ
964 2062 1024 2121 δὲ
1054 2066 1324 2148 κεφαλῆς,
1354 2064 1407 2120 οἱ
1443 2060 1502 2119 δὲ
1527 2059 1784 2167 ρ”δόντωψ
1824 2065 1879 2124 οἶ

287 2152 346 2211 δὲ
369 2156 479 2212 τῶν
506 2176 648 2211 κατα
674 2148 857 2227 νηδυν,
887 2152 941 2209 οἱ
966 2148 1025 2207 δὲ
1050 2174 1162 2209 των
1189 2148 1444 2224 αφανέων
1471 2140 1707 2209 νούσων.

190 2243 266 2300 85
365 2243 573 2316 Θρῆνοι
612 2237 671 2296 δὲ
712 2238 805 2295 καὶ
841 2238 1025 2312 ταφαί
1061 2242 1255 2312 σφεων
1291 2236 1400 2295 εἰσὶ
1440 2234 1578 2295 αἵδε·
1617 2238 1773 2296 τοῖσι
1809 2234 1879 2298 ἂν

286 2326 626 2407 ἀπογένηται
646 2330 705 2384 ἐκ
725 2327 833 2384 τῶν
855 2325 1035 2383 οἰκίων
1057 2321 1344 2400 ἅνθρωπος
1362 2326 1463 2382 τοῦ
1481 2348 1566 2386 τις
1586 2324 1682 2382 καὶ
1705 2323 1879 2405 λόγος

281 2413 336 2493 ᾗ,
365 2413 432 2473 τό
462 2414 608 2487 θῆλυ
633 2411 794 2493 γένος
829 2413 943 2469 πᾶν
972 2410 1041 2469 vd
1074 2414 1134 2468 ἐκ
1165 2413 1278 2469 τῶν
1305 2411 1488 2469 οἰκίων
1518 2408 1726 2471 τούτων
1759 2410 1878 2471 κατ’

261 2501 359 2578 ,ὧν
380 2498 671 2559 ἐπλάσατο
696 2496 801 2574 τὴν
821 2496 1077 2573 κεφαλὴν
1101 2501 1265 2575 πηλῷ
1289 2495 1326 2573 ἢ
1349 2498 1440 2555 καὶ
1465 2496 1530 2557 τό
1552 2497 1878 2575 πρόσωπον·

284 2588 518 2648 κᾶπειτα
545 2590 603 2647 ἐν
627 2589 781 2646 τοῖσι
806 2585 1033 2645 οἰκίοισι
1057 2588 1332 2644 λιποῦσαι
1356 2584 1457 2645 τόν
1481 2585 1690 2663 νεκρόν,
1718 2585 1879 2647 αὖταὶ

284 2674 391 2736 dvo}
414 2674 520 2752 τὴν
544 2674 715 2735 πόλιν
735 2671 1158 2751 στρωφώμεναι,
1177 2671 1478 2734 τύπτονται
1503 2673 1880 2750 ἐπεζωσμέναι

284 2762 377 2821 καὶ
412 2762 718 2839 φαίνουσαι
750 2760 882 2824 τοῦς
915 2760 1142 2837 μαζούς·
1183 2760 1294 2820 σῦν
1320 2761 1384 2819 δέ
1420 2765 1534 2836 σφι
1570 2763 1629 2819 αἱ
1663 2761 1880 2838 προσή-

283 2875 483 2910 κουσαι
508 2854 709 2908 πᾶσαι·
751 2848 1012 2925 ἑτέρωθεν
1037 2847 1097 2906 δὲ
1131 2850 1186 2907 οἱ
1211 2846 1400 2925 ἄνδρες
1429 2847 1730 2908 τύπτονται
1756 2851 1878 2908 ἐπε-

283 2938 556 3015 ζωσμένοι
582 2936 673 2994 καὶ
706 2933 877 2995 οὗτοι·
920 2934 1085 2997 ἐπεὰν
1113 2935 1172 2994 δὲ
1199 2939 1376 2995 ταῦτα
1405 2934 1708 3010 ποιήσωσι,
1735 2934 1880 2996 οὕτω

188 3021 263 3086 86
286 3032 339 3089 ἐς
372 3025 477 3101 τήν
510 3024 834 3102 ταρίχευσιν
865 3023 1185 3099 κομίζουσι.
1251 3023 1388 3082 Εἰσὶ
1428 3022 1488 3082 δὲ
1527 3021 1582 3081 οἳ
1621 3020 1705 3081 ἐπ’
1732 3020 1882 3101 αὐτῷ

282 3113 457 3193 τούτῳ
503 3113 778 3181 κατέαται,
829 3112 921 3168 καὶ
964 3111 1168 3189 τέχνην
1213 3111 1408 3189 ἔχουσι
1449 3108 1657 3184 ταύτην
1703 3105 1875 3168 οὗτοι·

294 3201 451 3261 ’τεάν
477 3207 590 3277 σφι
615 3197 862 3275 κομισθῇ
888 3197 1077 3274 νεκρός
1102 3196 1386 3258 δεικνύασι
1421 3200 1576 3258 τοῖσι
1601 3194 1878 3271 κομίσασι

388 3286 705 3366 ἀδείγματα
725 3288 932 3363 ’νεκρῶν
958 3283 1157 3355 ξύλινα
1181 3288 1255 3364 τῇ
1278 3288 1475 3367 γραφῇ
1499 3279 1876 3360 μεμιμημένα·
