2267 3517
526 30 556 39 κ

231 130 320 183 viii
923 124 1249 180 LECTORI.

234 274 408 329 prope
440 258 678 328 Tyanam
717 254 898 324 (hodie
934 255 1209 325 Danum),
1246 255 1397 311 unde
1428 254 1618 327 paucis
1651 256 1941 322 itineribus

233 350 308 404 ad
329 353 522 419 portas
543 348 762 403 Ciliciae
783 346 1120 416 pervenitur.
1172 346 1227 401 Ν
1230 363 1301 401 on
1324 347 1431 401 alia
1446 346 1537 401 via
1558 364 1718 401 usum
1737 349 1940 417 Cyrum

223 441 505 511 juniorem
563 456 690 495 cum
747 439 1201 509 Mesopotamiam
1260 438 1547 494 invaderet
1602 442 1794 493 auctor
1852 442 1941 495 est

237 536 578 607 Xenophon3
628 533 1028 590 mercatoribus
1079 536 1283 603 autem,
1331 533 1437 587 nisi
1494 532 1693 604 quibus
1738 534 1943 602 Tarsus}

235 630 362 685 finis
384 630 596 685 itineris
619 632 783 699 esset,
801 629 997 685 eadem
1019 644 1225 699 parum.
1238 631 1503 698 usurpata
1522 628 1759 685 videtur.
1831 629 1939 693 Qui

237 724 416 779 Tauro
442 722 678 779 ulterius
707 724 968 793 progredi
993 724 1052 777 in
1075 724 1257 779 animo
1284 722 1580 793 habebant,
1602 723 1643 778 ii
1661 723 1784 793 jam
1809 722 1941 779 inde

235 818 309 872 ab
353 817 571 873 Holmis
595 818 710 888 (qui
745 817 896 873 locus
929 818 988 872 in
1022 818 1293 888 Phrygiae
1328 819 1703 875 Paroreatidis
1740 818 1941 873 finibus

236 911 342 976 est)
380 910 604 980 paulum
639 910 714 964 ad
759 909 1201 981 Septentrionem
1247 927 1439 965 versus
1484 911 1596 966 iter
1634 909 1940 965 devertisse

235 1002 510 1078 videntur,
564 1018 674 1072 quo
728 1006 902 1072 pacto,
958 1002 1229 1073 Lycaonia
1276 1002 1734 1073 Cappadociaque
1782 1019 1940 1071 pera-

235 1098 425 1167 gratiS,
466 1097 694 1153 tandem
741 1098 1080 1169 Euphratem
1117 1096 1345 1153 fluvium
1384 1113 1557 1168 prope
1596 1097 1940 1153 Samosatam

125 1257 129 1260 Ι
236 1190 605 1260 trajiciebant.

344 1282 498 1346 Quae
535 1282 608 1337 de
639 1282 892 1349 Scythiae
932 1283 1120 1351 incolis
1156 1286 1349 1338 narrat
1384 1282 1609 1351 Noster,
1642 1299 1709 1337 ea
1747 1281 1837 1337 vel
1883 1282 1942 1336 in

239 1371 416 1440 Olbia,
453 1374 557 1441 vel,
595 1374 747 1442 quod
763 1410 772 1417 -
790 1374 976 1444 potius
1013 1375 1360 1445 crediderim,
1400 1376 1459 1429 in
1502 1377 1695 1445 Cyzico
1742 1377 1939 1431 audire

237 1465 433 1535 potuit.
454 1536 464 1547 ·
492 1466 926 1537 LongInquiores
947 1467 1216 1536 reg-iones,
1240 1468 1433 1538 quales
1454 1468 1512 1521 in
1536 1472 1735 1537 quarto
1758 1468 1943 1537 operis

237 1558 381 1612 libro
429 1558 702 1625 describit,
739 1560 920 1630 ipsum
965 1559 1175 1629 vicisse,
1215 1576 1377 1616 nemo
1414 1562 1714 1617 earundem
1761 1562 1940 1617 sciens

228 1652 600 1722 contenderit,
634 1652 741 1707 nisi
782 1651 878 1723 qui
925 1652 1093 1707 fidem
1140 1652 1336 1723 optimi
1382 1654 1669 1722 scriptoris
1716 1655 1940 1723 penitus

237 1744 572 1801 labefactare
605 1745 806 1813 cupiat.
845 1812 850 1817 β
