2267 3517
295 109 362 157 12
891 107 1262 157 “ΗΡΟΔΟΤΟΤ
1829 106 1901 173 [Ι.

295 190 396 245 τοῦ
416 189 551 261 νηοῦ
571 186 824 262 σχοινίον
849 191 905 249 ἐς
926 185 994 246 τό
1018 188 1222 263 τεῖχος·
1260 184 1383 245 ἔστι
1407 182 1467 243 δὲ
1490 184 1698 260 μεταξῦ
1718 189 1819 261 τῆς
1841 211 1904 247 τε

295 276 543 345 παλαιῆς
577 270 777 335 πόλιος
810 270 850 347 ἣ
888 271 1018 332 τότε
1057 272 1443 348 ἐπολιορκέετο
1484 272 1577 329 καὶ
1608 276 1708 331 τοῦ
1749 277 1903 349 νηοῦ,

297 357 438 419 ἔπτὰ
461 357 699 418 στάδιοι.
781 358 1051 435 πρώτοισι
1075 361 1180 435 μὲν
1207 358 1274 434 δὴ
1299 357 1550 422 τούτοισι
1576 360 1904 437 ἐπεχείρησε

295 444 332 507 ό
359 448 626 522 Κροῖσος·
658 444 801 522 μετοὶ
827 446 902 516 δὲ,
931 452 988 507 ἐν
1011 448 1167 523 μέρει
1194 444 1484 505 ἑκάστοισι
1505 444 1700 506 Ἰώνων
1722 472 1785 505 τε
1812 447 1905 519 καὶ

298 533 562 603 Αἰολέων,
605 532 840 594 ἄλλοισι
879 531 1062 613 ἄλλας
1102 533 1279 597 αἰτίας
1319 533 1613 609 ἐπιφέρων·
1651 535 1763 592 τῶν
1802 535 1905 609 μὲν

299 618 524 680 ἐδύνατο
552 621 788 697 μέζονας
816 621 1223 698 παρευρίσκειν,
1256 621 1462 697 μέζονα
1498 618 1901 696 ἐπαιτιώμενος,

202 708 278 775 27
297 710 450 767 τοῖσι
475 706 534 767 δὲ
559 706 856 768 αὐτῶν-καὶ
882 710 1094 784 φαῦλα-
1111 707 1403 784 ἐπιφέρων.
1484 704 1583 770 Ὡς
1616 706 1675 765 δὲ
1708 705 1817 784 ἄρα
1848 710 1903 767 οἶ

298 799 357 855 ἐν
372 797 446 873 τῇ
465 792 636 873 Ἀσίῃ
649 792 930 869 Ἕλληνες
950 793 1379 870 κατεστράφατο
1405 797 1461 857 ἐς
1482 792 1664 870 φόρου
1682 793 1902 875 ἀπαγω-

293 880 419 961 γήν,
439 880 508 940 τὰ
533 881 780 941 ἐνθεῦτεν
799 880 1018 942 ἐπενόεε
1041 883 1167 944 νέας
1185 880 1562 958 ποιησάμενος
1582 882 1903 959 ἐπιχειρέειν

295 971 450 1027 τοῖσι
472 967 800 1079 νησιώτῃσι·
837 966 1034 1028 ἐόντων
1058 967 1122 1028 δέ
1145 971 1199 1027 οἱ
1222 967 1441 1028 πάντων
1468 967 1697 1044 ἑτοίμων
1720 971 1777 1031 ἐς
1798 967 1901 1042 τήν

294 1056 619 1135 ναυπηγίην,
649 1058 702 1115 οἰ
725 1058 829 1131 μὲν
849 1054 1064 1115 Βίαντα
1095 1055 1333 1135 λέγουσι
1366 1054 1467 1115 τᾶν
1491 1055 1741 1130 Πριηνέα
1774 1053 1900 1113 άπι-

297 1140 528 1219 κόμενον
563 1147 620 1205 ἐς
644 1141 846 1219 Σάρδις
877 1143 934 1201 οἰ
956 1141 1018 1202 δὲ
1050 1140 1335 1201 Πιττακόν
1366 1140 1467 1202 τὸν
1498 1143 1897 1215 Μυτιληναῖον,

297 1230 578 1306 εἰρομένου
599 1229 854 1306 Κροίσου
880 1228 934 1287 εἴ
951 1253 1009 1289 τι
1028 1230 1113 1304 εἴη
1113 1228 1391 1336 ⁴..veu'n-qoov
1415 1227 1543 1304 περὶ
1565 1225 1670 1301 τὴν
1691 1224 1899 1287 Ἐλλά-

295 1314 383 1385 δα,
431 1314 656 1375 εἰπόντα
703 1314 836 1376 τάδε
888 1318 1245 1375 καταπαῦσαι
1291 1313 1397 1391 τὴν
1440 1314 1767 1394 ναυπηγίην·
1814 1312 1899 1374 “ὧ

295 1402 564 1477 βασιλεῦ,
615 1404 883 1478 νησιῶται
934 1400 1106 1462 ἵππον
1163 1401 1525 1462 συνωνέονται
1572 1401 1790 1477 μυρίην,
1843 1406 1901 1465 ἐς

298 1487 499 1565 Σάρδις
532 1512 596 1548 τε
629 1489 722 1548 καὶ
757 1487 848 1548 ἐπὶ
879 1489 950 1548 σὲ
983 1488 1203 1568 ἔχοντες
1238 1493 1298 1550 ἐν
1332 1492 1407 1567 νῷ
1438 1486 1844 1565 στρατεύεσθαι
1852 1487 1899 1528 ·”

295 1580 550 1654 Κροῖσον
573 1575 634 1635 δὲ
667 1576 979 1636 ἐλπίσαντα
1005 1576 1193 1657 λέγειν
1224 1578 1431 1636 ἐκεῖνον
1461 1574 1675 1650 ἀληθέα
1702 1578 1895 1636 εἰπεῖν·

295 1662 399 1723 “at
430 1662 544 1744 γὰρ
575 1666 742 1723 τοῦτο
779 1663 898 1723 θεοὶ
935 1661 1233 1738 ποιήσειαν
1274 1662 1367 1722 ἐπὶ
1404 1660 1534 1723 νόον
1571 1660 1896 1741 νησιώτῃσι,

295 1751 482 1811 ἐλθεῖν
509 1750 598 1810 ἐπὶ
632 1751 826 1811 Λυδῶν
849 1751 1050 1814 παῖδας
1083 1749 1193 1810 σῦν
1218 1748 1491 1809 {mewa-’⁹
1530 1747 1630 1810 τόν
1664 1749 1726 1809 δὲ
1756 1748 1896 1809 ὕπο-

293 1837 552 1914 λαβόντα
579 1836 771 1915 φάναι·
813 1836 900 1897 “ὦ
931 1840 1201 1913 βασιλεῦ,
1227 1834 1523 1913 προθύμως
1549 1860 1649 1913 μοι
1676 1836 1899 1911 φαίνεαι

296 1923 563 1994 εὔξασθαι
597 1924 870 2000 νησιώτας
907 1924 1303 2001 ἰππευομένους
1341 1924 1547 1998 λαβεῖν
1584 1926 1643 1982 ἐν
1672 1921 1895 2002 ἠπείρῳ,

295 2010 486 2073 οἰκότα
525 2012 780 2083 ἐλπίζων·
824 2012 1100 2089 νησιώτας
1138 2011 1201 2070 δὲ
1242 2011 1306 2070 τί
1338 2009 1541 2073 δοκέεις
1578 2007 1893 2091 [εὔχεσθαι]

246 2088 256 2100 ’
294 2098 459 2171 ἄλλο,
484 2097 588 2181 [ἢ,]
609 2100 733 2159 ἐπεί
749 2123 814 2160 τε
835 2098 1082 2178 τάχιστα
1109 2095 1378 2160 ἐπύθοντό
1399 2121 1470 2158 σε
1494 2097 1780 2174 μέλλοντα
1805 2098 1897 2157 ἐπὶ

294 2187 472 2262 σφίσι
495 2187 906 2266 ναυπηγέεσθαι
929 2188 1071 2255 νέας,
1093 2186 1301 2262 λαβεῖν
1318 2182 1593 2262 ἀρώμενοι
1608 2183 1820 2247 Αυδοῦς
1838 2189 1897 2244 ἐν

295 2270 582 2349 θαλάσσῃ,
632 2272 720 2330 ἵνα
769 2271 908 2346 ὖπὲρ
950 2275 1061 2331 τῶν
1113 2276 1175 2331 ἐν
1223 2276 1298 2351 τῇ
1341 2271 1549 2350 ἠπείρῳ
1600 2271 1897 2347 οἰκημένων

293 2354 582 2431 Ἑλλήνων
625 2356 892 2415 τίσωνταί
931 2380 1018 2425 σε,
1063 2356 1194 2420 τοῦς
1239 2357 1315 2417 σύ
1361 2358 1651 2423 δουλώσας
1694 2355 1897 2437 ἔχεις;”

297 2441 472 2520 κάρτα
493 2467 558 2502 τε
573 2440 820 2518 ἡσθῆναι
843 2444 1098 2518 Κροῖσον
1121 2446 1199 2521 τῷ
1224 2443 1483 2523 ἐπιλόγῳ,
1505 2446 1602 2504 καί
1620 2448 1677 2505 οἱ
1696 2446 1897 2524 (προσ-

298 2529 477 2605 φυέως
505 2528 615 2610 γὰρ
651 2527 809 2597 δόξαι
842 2529 1052 2609 λέγειν)
1076 2527 1405 2606 πειθόμενον
1439 2528 1767 2590 παύσασθαι
1797 2533 1899 2605 τῆς

294 2617 619 2696 ναυπηγίης·
665 2614 759 2674 καὶ
799 2614 940 2675 οὕτω
977 2618 1132 2675 τοῖσι
1169 2614 1270 2679 τοὶς
1308 2613 1514 2690 νήσους
1553 2615 1898 2692 οἰκημένοισι

284 2700 448 2761 Ἴωσι
472 2702 674 2778 ξεινίην
699 2700 1062 2777 συνεθήκατο.

201 2788 277 2848 28
377 2786 596 2866 Χρόνου
621 2788 680 2847 δὲ
708 2790 1103 2869 ἐπιγινομένου,
1126 2788 1221 2848 καὶ
1244 2786 1741 2866 κατεστραμμένων
1762 2814 1895 2869 σχε-

294 2873 391 2935 δᾶν
434 2873 652 2935 πάντων
693 2879 805 2936 τῶν
846 2874 998 2939 ἐντός
1030 2873 1244 2940 Ἀλυος
1283 2880 1537 2953 ποταμοῦ
1578 2876 1894 2952 οἰκημένων·

293 2960 448 3037 πλὴν
479 2960 592 3041 γοῖρ
625 2962 876 3021 Κιλίκων
907 2962 1000 3021 καὶ
1030 2964 1262 3034 Λυκίων,
1289 2963 1417 3027 τούς
1442 2961 1653 3027 ἄλλους
1686 2962 1897 3026 πάντας

293 3046 385 3107 ὕπ’
413 3051 592 3127 ἑωυτῷ
623 3047 740 3127 εἶχε
775 3049 1297 3128 καταστρεψάμενος
1322 3049 1355 3110 ὁ
1389 3053 1656 3127 Κροῖσος·
1699 3050 1811 3109 εἰσὶ
1836 3050 1896 3108 δὲ

296 3133 427 3204 οἵδε,
454 3134 643 3205 Λυδοὶ,
676 3134 904 3216 Φρύγες,
936 3137 1150 3207 Μυσοὶ,
1182 3136 1573 3214 Μαριανδυνοὶ,
1609 3135 1893 3210 Χάλυβες,

297 3219 697 3303 Παφλαγόνες,
713 3220 963 3299 Θρήϊκες,
985 3225 1039 3284 οἰ
1055 3224 1231 3284 Θυνοί
1236 3247 1299 3284 τε
1319 3225 1411 3283 καὶ
1430 3222 1672 3291 Βιθυνοὶ,
1691 3224 1893 3296 Κᾶρες,
