2267 3517
305 178 586 244 157-160]
985 179 1255 230 eAAmA.
1802 179 1899 233 277

300 261 738 342 Βαβυλωνίοισι,
777 258 1038 336 Ζώπυρος
1093 259 1187 319 καὶ
1234 259 1593 340 στρατάρχης
1635 285 1700 320 τε
1746 257 1907 323 οὗτός

299 357 414 425 σφι
455 349 548 409 καὶ
577 347 928 427 τειχοφύλαξ
967 347 1317 414 ἀπεδέδεκτο.
1402 345 1764 426 Προσβολῆν
1804 347 1863 406 δὲ
1886 350 2000 410 158

287 439 548 515 ’Δαρείου
592 436 732 496 κατὰ
773 436 846 496 τὰ
889 436 1229 516 συγκείμενα
1268 437 1596 513 ποιευμένου
1638 435 1803 512 πέριξ
1837 434 1905 496 τὰ

302 529 509 606 τεῖχος,
539 525 777 586 ἐνθαῦτα
805 522 872 599 δή
901 521 1084 582 πάντα
1109 522 1208 583 τόν
1236 522 1406 584 δόλον
1437 523 1470 583 ὁ
1503 523 1765 600 Ζώπυρος
1796 523 1905 592 ε’ξέ-

303 619 488 689 φαινε·
547 617 602 673 οἱ
642 615 747 722 μὲν
785 610 900 693 γαῖρ
945 610 1307 686 Βαβυλώνιοι
1349 610 1659 687 ἀναβάντες
1705 610 1799 670 ε’πὶ
1838 609 1906 671 τὸ

301 705 501 780 τεῖχος,
543 699 822 777 ἠμύνοντο
863 723 970 774 την
1013 698 1255 774 Δαρείου
1297 697 1569 775 στρατιὴν
1606 697 1906 776 προσβάλ-

302 792 539 849 λουσαν·
583 816 614 848 ο
648 788 707 846 δὲ
740 784 1002 864 Ζώπυρος
1025 785 1127 849 τάς
1157 811 1221 846 τε
1254 787 1506 850 Κισσίας
1538 786 1631 846 καὶ
1660 786 1908 862 Βηλίδας

304 877 644 953 καλεομένας
679 875 865 937 πύλας
901 871 1274 944 ἀναπετάσας,
1308 877 1477 950 ε’σῆκε
1510 899 1641 937 τους
1676 875 1909 950 Πέρσας

305 967 360 1026 ἐς
395 963 460 1023 τό
503 967 706 1042 τεῖχος·
754 967 866 1022 τῶν
903 962 965 1021 δὲ
1000 961 1379 1037 Βαβυλωνίων
1418 961 1472 1021 οἳ
1513 963 1617 1038 μὲν
1662 961 1806 1022 εἶδον
1838 960 1906 1021 τὸ

303 1053 535 1127 ποιηθὲν
575 1048 730 1112 οὗτοι
767 1051 1006 1131 ἔφευγον
1047 1054 1102 1113 ἐς
1143 1053 1247 1109 τοῦ
1284 1047 1421 1113 Διὸς
1461 1053 1563 1109 τοῦ
1606 1047 1801 1125 Βήλου
1839 1047 1905 1110 τό

307 1139 442 1214 ἶρόν,
465 1139 518 1198 οἳ
539 1139 598 1198 δὲ
619 1138 718 1198 οὐκ
741 1137 888 1198 εἶδον
908 1139 1100 1215 ἔμενον
1115 1142 1175 1198 ἐν
1191 1141 1265 1216 τῇ
1287 1141 1487 1198 ἑωυτοῦ
1505 1136 1633 1208 τάξι
1656 1137 1907 1208 ἕκαστος,

307 1229 362 1288 ἐς
389 1225 422 1284 ὃ
449 1225 517 1302 δή
547 1227 640 1284 καὶ
667 1223 821 1286 οὗτοι
847 1226 1055 1303 ἔμαθον
1080 1225 1494 1301 προδεδομένοι.

388 1312 673 1388 Βαβυλών
724 1313 828 1390 μέν
882 1338 980 1373 νυν
1032 1311 1175 1372 οὕτω
1225 1312 1292 1372 τό
1349 1311 1601 1390 δεύτερον
1652 1313 1865 1389 αἱρέθη.
1886 1313 2001 1372 159

309 1405 546 1478 Δαρεῖος
572 1401 631 1460 δὲ
659 1402 781 1460 ε’πεί
802 1426 864 1460 τε
891 1399 1165 1478 ε’κράτησε
1189 1404 1302 1460 τῶν
1326 1402 1720 1476 Βαβυλωνίων,
1740 1404 1907 1461 τοῦτο

306 1490 412 1565 μέν
439 1495 631 1567 σφεων
654 1488 720 1549 τό
745 1492 932 1567 τεῖχος
964 1491 1210 1564 περιεῖλε
1241 1488 1335 1547 καὶ
1367 1486 1469 1551 ταῖς
1501 1487 1685 1552 πύλας
1718 1487 1908 1552 πάσας

307 1575 630 1638 ἀπέσπασε·
671 1576 738 1637 τὸ
767 1575 880 1658 γὰρ
905 1573 1179 1654 πρότερον
1206 1575 1347 1636 ἑλών
1378 1579 1565 1654 Κῦρος
1588 1574 1693 1651 τήν
1717 1578 1906 1652 Βαβυ-

307 1667 461 1725 λῶνα
489 1665 720 1742 ἐποίησε
743 1663 954 1724 τούτων
981 1662 1286 1742 οὐδέτερον·
1327 1668 1495 1725 τοῦτο
1528 1665 1587 1724 δὲ
1612 1664 1645 1724 ὅ
1674 1668 1909 1743 Δαρεῖος

305 1757 416 1813 τῶν
440 1752 652 1830 ἀνδρῶν
675 1751 808 1816 τούς
833 1752 1172 1831 κορυφαίους
1196 1750 1455 1829 μάλιστα
1484 1757 1537 1815 ἐς
1562 1752 1909 1830 τρισχιλίους

307 1839 741 1910 α’νεσκολόπισε,
767 1842 922 1900 τοῖσι
958 1839 1018 1898 δὲ
1043 1841 1301 1899 λοιποῖσι
1327 1839 1751 1915 Βαβυλωνίοισι
1776 1837 1908 1898 οἷπέ-

309 1927 446 1986 δωκε
483 1928 588 2004 τὴν
627 1928 798 1988 πόλιν
837 1927 1050 1986 οἰκέειν.
1119 1924 1191 1989 ὦς
1230 1925 1277 1985 δ’
1320 1925 1510 1996 ἕξουσι
1547 1929 1810 2006 γυναῖκας
1850 1929 1905 1985 οἳ

309 2014 669 2090 Βαβυλώνιοι
701 2015 791 2074 ἵνα
816 2021 930 2089 σφι
953 2014 1116 2094 γένεα
1142 2013 1489 2095 ὗπογίνηται,
1514 2011 1647 2073 τάδε
1674 2017 1910 2089 Δαρεῖος

309 2101 551 2177 προϊδών
577 2102 828 2178 ε’ποίησε·
857 2101 957 2164 τὰς
981 2101 1092 2183 γάρ
1120 2105 1347 2173 ἑωυτῶν,
1376 2100 1447 2165 ὦς
1473 2100 1565 2160 καὶ
1592 2099 1709 2160 κατ’
1730 2099 1909 2179 οἷρχοῖς

310 2189 631 2265 δεδήλωται,
659 2189 964 2260 ἀπέπνιξαν
989 2193 1044 2249 οἶ
1069 2189 1429 2267 Βαβυλώνιοι
1458 2192 1560 2248 τοῦ
1586 2189 1749 2249 σίτου
1774 2213 1909 2264 προ·

311 2278 586 2353 ορέωντες·
629 2279 858 2348 ἐπέταξε
882 2281 1037 2339 τοῖσι
1065 2279 1402 2355 περιοίκοισι
1439 2278 1623 2338 ἔθνεσι
1648 2279 1911 2358 γυναῖκας

311 2371 366 2429 ἐς
392 2368 713 2443 Βαβυλῶνα
739 2365 1080 2436 κατιστάναι,
1103 2364 1244 2429 ὅσας
1270 2364 1337 2442 δή
1362 2365 1653 2426 ἑκάστοισι
1680 2363 1907 2425 ἐπιτάσ-

310 2480 429 2514 σων
463 2453 609 2514 ὥστε
643 2455 808 2515 πέντε
842 2453 1120 2532 μυριάδων
1152 2479 1220 2514 το
1263 2455 1631 2531 κεφαλαίωμα
1668 2457 1780 2514 τῶν
1808 2479 1905 2534 γυ-

310 2546 511 2602 ναικῶν
537 2543 804 2618 συνῆλθε·
849 2567 909 2601 εκ
925 2541 1171 2602 τουτέων
1201 2541 1261 2600 δὲ
1295 2545 1406 2601 τῶν
1429 2545 1699 2623 γυναικῶν
1726 2543 1779 2600 οἱ
1812 2544 1909 2601 νῦν

311 2629 667 2706 Βαβυλώνιοι
692 2629 980 2712 γεγόνασι.

395 2717 658 2796 Ζωπύρου
685 2720 744 2778 δὲ
777 2717 951 2781 οὐδεὶς
983 2715 1355 2799 ἀγαθοεργίην
1381 2717 1650 2795 Περσέων
1679 2741 1869 2795 υπερε-
1890 2718 2002 2776 160

309 2805 530 2881 βάλετο
563 2806 716 2883 παροὶ
743 2806 960 2884 Δαρείω
987 2809 1165 2884 κριτῇ,
1196 2803 1321 2865 οὔτε
1354 2808 1465 2866 τῶν
1495 2803 1731 2882 ὕστερον
1755 2831 1909 2887 γενο-

308 2894 488 2970 μένων
534 2919 660 2954 ουτε
705 2897 816 2954 τῶν
858 2892 1130 2970 πρότερον
1177 2891 1265 2952 ὅτι
1312 2890 1395 2969 μὴ
1449 2896 1639 2970 Κῦρος
1683 2896 1905 2970 μοῦνος·

309 2981 486 3060 τούτῳ
516 2981 628 3063 γὰρ
664 2980 842 3044 οὐδεὶς
878 2980 1145 3057 Περσέων
1178 2978 1389 3055 ἠξίωσέ
1418 3005 1493 3039 κω
1530 2977 1728 3038 ἑωυτὸν
1768 3002 1908 3053 συμ-

307 3070 563 3146 βαλέειν.
619 3068 899 3131 πολλάκις
919 3067 978 3126 δὲ
998 3069 1239 3144 Δαρεῖον
1257 3068 1483 3148 λέγεται
1501 3065 1728 3147 γνώμην
1745 3064 1909 3140 τήνδε

310 3155 709 3227 ἀποδέξασθαι,
737 3156 809 3220 ὥς
832 3155 1106 3232 βούλοιτο
1137 3151 1208 3213 ἄν
1234 3153 1498 3231 Ζώπυρον
1518 3153 1661 3212 εἶναι
1691 3151 1913 3210 ἀπαθέα

307 3248 410 3322 τῆς
438 3243 672 3322 α’,εικείης
695 3247 941 3323 μᾶλλον,
961 3239 999 3318 ἢ
1025 3241 1375 3318 Βαβυλῶνάς
1402 3243 1455 3300 οἱ
1478 3241 1657 3299 εἴκοσι
1680 3237 1821 3315 πρός
1838 3241 1911 3316 τῇ

311 3332 484 3414 ἐούσῃ
510 3332 947 3417 προσγενέσθαι.
1020 3330 1253 3407 ἐτίμησε
1284 3329 1347 3387 δέ
1377 3353 1475 3404 μιν
1503 3327 1778 3407 μεγάλως·
1820 3325 1923 3384 καὶ.
