2267 3517
362 125 645 190 214—216]
1058 126 1284 175 KAmn.
1877 126 1970 176 107

358 209 471 265 τῶν
506 204 691 264 ἵππων
720 203 793 264 τοὶ
827 208 933 282 μὲν
968 204 1097 282 περὶ
1126 204 1201 265 τοὶ
1241 205 1449 284 στέρνα
1487 204 1762 283 χαλκέους
1796 202 1968 283 θώρη-

362 318 461 356 κας
498 289 940 369 περιβάλλουσι·
1012 318 1084 352 τα
1130 293 1190 352 δὲ
1235 294 1362 370 περὶ
1400 318 1532 356 τους
1571 291 1837 372 χαλινους
1878 294 1972 352 καὶ

360 378 573 457 στόμια
608 380 700 438 καὶ
727 378 963 458 φάλαρα
987 384 1198 459 χρυσῷ.
1259 379 1471 459 σιδήρω
1507 380 1566 439 δὲ
1605 378 1718 439 οὐδ’
1751 378 1971 461 ἆργύρω

361 468 631 545 χρέωνται
672 464 848 527 οὐδέν·
931 466 1057 527 οὐδὲ
1108 494 1220 550 γαρ
1276 467 1406 527 ουδέ
1443 468 1561 545 σφί
1610 472 1734 528 ε’στι
1787 473 1846 528 ἐν
1897 472 1970 547 τῇ

360 576 532 633 χωρῃ·
571 554 602 615 ὁ
631 554 691 613 δὲ
714 553 929 632 χρυσός
957 555 1048 615 καὶ
1069 554 1101 615 ὅ
1127 554 1345 635 χαλκος
1371 553 1632 620 ἄπλετος.
1676 554 1930 633 Νόμοισι
1948 556 2064 616 216

362 642 423 701 δὲ
460 643 731 721 χρέωνται
761 642 1023 703 τοιοῖσδε·
1071 647 1310 725 γυναῖκα
1352 645 1458 721 μὲν
1491 643 1688 725 γαμέει
1736 643 1971 707 ἕκαστος

360 729 600 808 ταύτῃσι
639 730 701 789 δὲ
741 730 989 790 ἐπίκοινα
1029 730 1320 809 χρέωνται·
1361 729 1396 791 ὃ
1428 730 1542 813 γαῖρ
1575 728 1792 795 Σκύθας
1824 733 1972 808 φασὶ

357 817 632 894 Ἕλληνες
657 816 879 889 ποιέειν,
919 818 985 879 ού
1013 818 1226 883 Σκύθαι
1264 817 1377 878 εἶσὶ
1413 822 1468 879 οἱ
1502 819 1783 882 ποιέοντες
1810 817 1968 879 ἀλλὰ

364 906 765 987 Μασσαγέται·
820 910 923 982 τῆς
960 905 1071 988 γὰρ
1117 904 1454 983 ἐπιθυμήσει
1494 905 1752 988 γυναικός
1802 910 1970 968 Μασ-

363 994 609 1075 σαγέτης
648 992 805 1071 ἀνὴρ,
857 993 956 1053 τόν
1000 997 1360 1072 φαρετρεῶνα
1412 992 1812 1072 ἀποκρεμάσας
1855 994 1967 1073 πρό

363 1086 464 1157 τῆς
496 1080 713 1158 ἁμάξης
742 1081 1010 1163 μίσγεται
1044 1081 1234 1145 οἷὸεῶς.
1319 1081 1482 1159 οὖρος
1508 1081 1567 1140 δὲ
1602 1081 1822 1158 ἡλικίης
1858 1088 1974 1159 σφι

364 1170 659 1245 προκέεται
690 1168 870 1233 ἄλλος
908 1171 1012 1247 μὲν
1048 1168 1240 1233 ούὸείς·
1298 1168 1466 1229 ε’πεσῖν
1503 1169 1564 1229 δὲ
1601 1170 1779 1250 γέρων
1811 1171 1970 1250 γένη-

365 1282 457 1316 ται
499 1256 689 1335 κάρτα,
745 1282 799 1317 οι
841 1256 1223 1335 προσήκοντές
1266 1260 1320 1317 οἱ
1363 1256 1566 1320 πάντες
1609 1256 1972 1323 συνελθόντες

367 1344 570 1405 θύουσί
580 1370 686 1422 μιν
711 1370 803 1404 και
828 1344 984 1404 ἄλλα
1007 1344 1338 1423 πρόβατα
1301 1371 1418 1453 alfia
1444 1344 1608 1424 αὐτῷ·
1665 1343 1974 1423 εψήσαντες

367 1432 427 1492 δὲ
466 1431 539 1493 τοὶ
581 1434 715 1511 κρέα
757 1433 1208 1512 κατευωχέονται.
1289 1438 1467 1495 ταῦτα
1511 1435 1616 1511 μὲν
1653 1460 1727 1493 τα
1766 1433 1973 1511 ολβιω-

366 1521 506 1580 τατοί
545 1528 658 1597 σφι
699 1519 1041 1597 νενόμισται·
1094 1521 1197 1581 τᾶν
1233 1522 1293 1581 δὲ
1335 1521 1518 1602 νούσῳ
1559 1521 1974 1598 τελευτήσαντα

368 1608 433 1669 οὖ
485 1609 923 1681 κατασιτέονται,
978 1608 1133 1668 ἀλλὰ
1183 1613 1261 1691 γῇ
1305 1609 1615 1687 κρύπτουσι
1669 1610 1975 1687 συμφορήν

366 1695 682 1773 ποιεύμενοι
710 1695 797 1756 ὅτι
830 1696 928 1755 ούκ
968 1696 1115 1755 ἵκετο
1151 1700 1208 1761 ἐς
1240 1694 1308 1757 τό
1338 1699 1589 1773 τυθῆναι.
1673 1698 1972 1775 σπείρουσι

367 1784 428 1843 δὲ
452 1785 622 1857 οὐδὲν,
652 1783 924 1844 α’λλόἷπὸ
951 1784 1190 1859 κτηνέων
1216 1783 1421 1856 ζώουσι
1447 1785 1540 1844 καὶ
1567 1785 1786 1865 ἰχθύων.
1831 1788 1886 1845 οἶ
1912 1786 2001 1848 δὲ,

366 1871 611 1949 ἄφθονοί
630 1879 743 1948 σφι
772 1878 831 1931 ε’κ
865 1875 966 1932 τοῦ
991 1870 1238 1949 Ἀράξεω
1270 1876 1527 1949 ποταμοῦ
1552 1872 1966 1954 παραγίνονται·

364 1959 787 2040 γαλακτοπόται
814 1960 873 2019 δὲ
900 1959 1024 2018 εἶσί.
1098 1960 1238 2020 θεῶν
1260 1960 1320 2020 δὲ
1343 1962 1550 2036 μοῦνον
1575 1958 1739 2035 ἥλιον
1765 1960 1969 2035 σέβον-

366 2072 477 2118 ται,
512 2054 589 2126 τῷ
618 2046 819 2109 θύουσι
858 2047 1079 2111 ἵππους·
1133 2047 1306 2124 νίμος
1330 2047 1390 2106 δὲ
1415 2044 1576 2109 οὗτος
1609 2050 1710 2121 τῆς
1751 2047 1964 2123 θυσίης

372 2138 480 2194 τῶν
507 2135 645 2195 θεῶν
674 2138 752 2213 τῷ
788 2136 1039 2216 ταχίστῳ
1069 2132 1290 2199 πάντων
1325 2138 1437 2196 τῶν
1477 2134 1690 2212 θνητῶν
1721 2133 1791 2197 τὸ
1815 2132 1968 2216 τάχι-

370 2245 513 2285 στον
550 2221 856 2284 δατέονται.
