2267 3517
953 476 1433 585 LEcToRn

1083 698 1284 728 —4—-

343 834 564 891 Pnom’r
617 833 824 889 iterum
883 830 1206 885 Herodotus
1252 831 1405 900 quod
1450 832 1525 887 ad
1570 834 1789 889 tex-tum
1839 833 2040 891 attinet

345 925 602 979 editionis
635 922 932 994 superioris
961 922 1158 977 Mem
1188 921 1351 990 plane
1378 924 1636 979 referens.
1710 924 2041 985 Paucissima

343 1016 506 1082 enim,-
537 1032 602 1071 re
634 1014 774 1071 bene
808 1030 1094 1085 perpensa,
1120 1013 1207 1068 his
1242 1014 1493 1069 secundis
1526 1016 1671 1069 curis
1702 1016 2039 1076 immutanda

347 1108 620 1177 duximus,
659 1109 766 1163 nisi
805 1107 958 1176 quod
1001 1106 1283 1176 aliquanto
1323 1108 1499 1163 rarius
1545 1110 2043 1179 interpungendum

342 1202 668 1257 censuimus.
727 1200 940 1253 Verum
970 1200 1265 1269 enimvero,
1288 1199 1734 1270 quandoquidem
1764 1201 1901 1257 haec
1926 1205 2043 1261 edi-

342 1294 426 1349 tio
445 1310 556 1349 non
583 1293 748 1349 modo
771 1292 1022 1347 manibus
1050 1294 1339 1361 studiosae·
1352 1293 1665 1362 juventutis
1687 1296 1921 1353 terenda
1940 1302 2043 1366 est,

345 1386 450 1443 sed
492 1388 662 1443 etiam
703 1386 892 1441 usibus
928 1386 1209 1443 hominum
1248 1386 1619 1443 litteratorum
1659 1404 1891 1459 peregre
1924 1408 2046 1460 pro-

344 1479 706 1533 ficiscentium
728 1479 996 1535 inservire
1012 1480 1145 1546 vult,
1162 1496 1337 1549 pauca
1354 1480 1639 1549 quaedam,
1657 1479 1801 1549 quae
1820 1483 1878 1539 in
1900 1482 2047 1551 notis

342 1572 573 1627 editioni
596 1574 792 1643 majori
815 1573 1080 1642 subjectis
1097 1573 1271 1627 fusius
1289 1590 1516 1630 excussa
1538 1576 1683 1643 sunt,
1698 1575 1787 1629 hic
1801 1575 2045 1633 breviter

341 1666 615 1722 monenda
638 1665 926 1733 videntur-3
960 1682 1032 1721 ne
1054 1665 1107 1733 ii,
1131 1666 1329 1736 quibus
1352 1666 1583 1724 facultas
1605 1668 1775 1723 detur
1794 1669 2045 1738 regiones

341 1776 376 1814 a
405 1760 574 1815 Patre
601 1759 886 1815 Historiae
911 1761 1216 1829 descriptas
1238 1760 1523 1829 lustrandi,
1546 1761 1709 1817 simul
1730 1766 1899 1833 atque
1920 1779 2045 1831 pere

341 1859 593 1924 spectum
648 1854 942 1911 habuerint
991 1854 1265 1911 illustrem
1312 1854 1634 1924 scriptorem
1678 1856 1753 1911 ad
1796 1872 2043 1912 normam

339 1946 638 2002 hodiernae
675 1947 907 2003 critices
947 1946 1191 2001 revocari
1224 1962 1333 2003 non
1372 1964 1547 2016 posse,
1588 1948 1863 2017 extemplo
1900 1965 2043 2017 eum,

339 2043 604 2109 tanquam
621 2057 888 2109 nugacem
909 2038 1235 2097 fabellarum
1237 2040 1675 2108 ,conquisitorem
1691 2044 2044 2095 contemnant

333 2131 732 2201 abjiciuntque.
791 2132 954 2199 Quod
975 2133 1024 2189 si
1045 2133 1172 2202 quis
1192 2132 1399 2198 fecerit,
1422 2132 1471 2185 is
1492 2132 1643 2187 nullo
1667 2132 1892 2201 quidem
1911 2132 2043 2201 jure

339 2223 550 2279 fecerit.
622 2222 676 2278 N
678 2240 768 2279 am
795 2240 862 2279 eo
884 2223 1024 2281 vixit
1053 2228 1307 2293 tempore
1332 2222 1665 2291 Herodotus,
1686 2223 1746 2281 in
1768 2240 1877 2294 quo
1904 2241 2045 2281 com-

341 2317 547 2373 mercia
599 2316 826 2373 humani
881 2318 1099 2389 generis
1152 2333 1319 2386 aegre
1375 2316 1693 2386 agebantur.
1778 2318 2043 2373 Periculis

341 2406 674 2463 omnimodis
707 2411 840 2465 tunc
875 2409 1141 2479 temporis
1182 2409 1469 2465 scatebant
1508 2410 1657 2478 viae;
1702 2426 1805 2467 nec
1844 2411 2044 2479 singuli

344 2499 802 2569 peregrinatores,
831 2501 976 2557 sicut
1004 2501 1185 2569 hodie,
1216 2501 1318 2579 sed
1348 2502 1686 2572 catervatim,
1708 2503 1877 2557 certis
1907 2506 2043 2557 tem-

345 2595 573 2664 poribus
613 2596 688 2651 ad
729 2599 882 2651 certa
921 2595 1042 2651 loca
1073 2596 1364 2651 convenire
1404 2596 1655 2651 solebant
1693 2599 2043 2663 mercatores,

341 2704 481 2756 quos
533 2706 662 2758 spes
718 2688 858 2743 lucri
909 2687 984 2744 ad
1040 2688 1366 2758 longinquas
1417 2689 1665 2757 regiones
1716 2686 2044 2743 adduxerat.

347 2779 673 2849 Quinetiam,
690 2796 836 2850 quae
856 2797 948 2835 res
969 2781 1197 2835 maximi
1220 2785 1308 2837 est
1329 2780 1611 2848 momenti,
1628 2780 1740 2835 vim
1762 2780 2043 2835 hominum

344 2871 672 2929 incultorum
699 2878 760 2931 et
785 2875 860 2930 ad
887 2875 1018 2931 lites
1052 2876 1427 2946 praedamque
1462 2874 1874 2945 propensiorum
1904 2872 2043 2927 nihil

346 2967 469 3019 erat
489 2967 641 3036 'quod
662 2968 958 3036 cohiberet,
981 2968 1088 3023 nisi
1113 2968 1311 3038 religio
1338 2967 1573 3023 numinis
1598 2968 1749 3038 quod
1779 2967 1955 3021 locum
1982 2964 2041 3017 in

339 3073 512 3126 quem
528 3064 853 3115 conventum
869 3064 992 3116 erat
1008 3061 1289 3117 custodire
1303 3060 1619 3130 putabatur.
1672 3058 1820 3113 Hinc
1834 3058 2042 3110 factum

337 3154 434 3207 -est
453 3154 520 3207 ut
542 3152 856 3223 ubicunque
877 3154 1128 3223 gentium
1156 3170 1359 3223 magna
1380 3156 1749 3207 mercatorum
1774 3150 2041 3203 existeret

344 3243 674 3314 frequentia,
707 3245 786 3300 ibi
825 3247 1189 3302 clarescerent
1222 3245 1451 3300 deorum
1484 3243 1707 3311 templa,
1740 3240 2043 3307 eademque
