2267 3517
317 116 413 167 143
922 116 1291 166 ‘HPOAOTOT
1807 114 1911 180 [Π.

313 197 485 274 μένας
508 196 737 275 ἡμέρας·
768 200 841 275 τῇ
866 196 927 255 δὲ
951 198 1243 277 τελευταίῃ
1265 196 1458 266 ἐξιεῖσι
1486 200 1547 255 ἐκ
1571 198 1672 272 τῆς
1699 197 1914 273 κοιλίης

314 283 419 360 τὴν
450 285 682 361 κεδρίην,
708 284 812 359 τήν
840 288 1049 360 ἐσῆκαν
1075 283 1366 361 πρότερον·
1407 283 1446 359 ἡ
1473 283 1534 343 δὲ
1564 283 1678 362 ἔχει
1708 284 1912 343 τοσαύ-
1951 312 1960 319 ·

314 397 418 448 την
464 371 709 448 δύναμιν,
759 372 906 431 ὥστε
958 371 1075 448 ἅμα
1123 375 1297 451 ἑωυτῇ
1341 371 1446 448 τὴν
1492 371 1656 447 νηδύν
1701 372 1795 430 καὶ
1839 372 1914 431 τοὶ

316 457 627 541 σπλάγχνα
663 457 1071 536 κατατετηκότα
1112 458 1314 539 ἐξάγει·
1355 459 1455 522 τοὶς
1491 458 1552 517 δὲ
1592 457 1806 535 σάρκας
1843 458 1912 519 τό

314 549 510 623 λίτρον
552 546 868 622 κατατήκει·
922 547 1016 606 καὶ
1057 546 1125 623 δή
1171 546 1424 606 λείπεται
1464 549 1567 606 τοῦ
1607 550 1805 623 νεκροῦ
1842 546 1911 607 τό

314 634 487 712 δέρμα
526 638 735 711 μοῦνον
767 635 860 694 καὶ
896 634 968 695 τοὶ
1009 634 1201 696 ὀστέα·
1243 635 1411 695 ἐπεοὶν
1441 634 1502 694 δὲ
1539 638 1716 694 ταῦτα
1749 632 1911 710 ποιή-

315 747 480 793 σωσι,
528 720 622 779 απ’
664 720 739 781 ὦν
786 722 990 781 ἔδωκαν
1043 721 1184 782 οὕτω
1234 721 1335 783 τᾶν
1381 721 1576 800 νεκρόν
1623 720 1783 781 οὐδὲν
1827 722 1910 783 ἔτι

219 810 296 868 88
313 810 843 919 πρηγματευθέντες
908 808 985 868 Ἠ
1016 810 1077 869 δὲ
1099 810 1262 887 τρίτη
1286 810 1608 888 ταρίχευσίς
1642 813 1766 868 ἐστι
1790 808 1908 885 ἥδε,

310 894 351 972 ἥ
389 896 519 960 τούς
558 895 817 975 χρήμασι
857 895 1295 973 ἀσθενεστέρους
1336 896 1611 967 σκευάζει·
1658 899 1908 977 συρμαίῃ

312 983 675 1060 διηθήσαντες
711 983 817 1059 τήν
857 985 1089 1060 κοιλίην,
1129 1010 1489 1063 ταριχευουσι
1525 1009 1627 1047 τας
1665 984 1909 1061 εβδομή-

313 1096 482 1131 κοντα
515 1071 743 1149 ἡμέρας,
787 1071 880 1130 καὶ
924 1073 1113 1131 ἔπειτα
1148 1066 1242 1130 εἶπ’
1277 1070 1352 1131 ὧν
1388 1072 1592 1131 ἔδωκαν
1631 1070 1908 1150 ἀποφέρε-

217 1159 292 1217 89
312 1159 468 1219 σθαι.
522 1159 635 1223 Τας
660 1159 721 1219 δὲ
738 1163 1001 1241 γυναῖκας
1019 1161 1130 1219 τῶν
1151 1158 1462 1235 ἐπιφανέων
1488 1158 1765 1235 ανδρῶν,’
1739 1184 1908 1219 επεαν

310 1247 708 1323 τελευτήσωσι,
743 1245 809 1306 02⁹
834 1248 1149 1323 παραυτίκα
1180 1246 1398 1307 διδοῦσι
1428 1246 1753 1326 ταριχεύειν,
1780 1246 1909 1307 ουδε

310 1331 445 1393 ὅσαι
476 1359 545 1393 αν
576 1333 682 1393 ὦσι
714 1333 940 1397 εὐειδέες
975 1332 1153 1410 κάρτα
1193 1334 1285 1394 καὶ
1323 1326 1530 1442 λόγου
1542 1337 1781 1398 πλεῦνος
1808 1361 1907 1415 γυ-

310 1423 511 1483 ναῖκες·
551 1420 682 1478 αλλ’
716 1420 882 1480 ἐπεοὶν
915 1424 1160 1498 τριταῖαι
1191 1419 1230 1497 ἦ
1266 1425 1586 1498 τεταρταῖαι
1622 1421 1905 1503 γένωνται,

310 1504 451 1567 οὕτω
477 1506 847 1584 παραδιδοῦσι
872 1512 1026 1567 τοῖσι
1049 1506 1426 1586 ταριχεύουσι.
1481 1511 1650 1569 τοῦτο
1677 1509 1737 1568 δὲ
1755 1510 1906 1570 ποιέ-

313 1619 444 1653 ουσι
478 1592 619 1654 οὕτω
650 1594 813 1654 τοῦδε
851 1594 1069 1665 εἵνεκεν,
1105 1596 1195 1655 ἵνα
1224 1593 1306 1672 μή
1343 1604 1456 1673 σφι
1493 1600 1546 1656 οἳ
1584 1598 1906 1676 ταριχευταὶ

307 1681 620 1763 μίσγωνται
653 1683 791 1761 τῇσι
820 1683 1058 1763 γυναιξί·
1100 1684 1434 1761 λαμφθῆναι
1463 1682 1573 1762 γάρ
1603 1684 1728 1744 τινά
1755 1691 1905 1761 φασι

306 1769 651 1850 μισγόμενον
686 1774 857 1849 νεκρῷ
886 1770 1204 1851 προσφάτῳ
1233 1772 1510 1853 γυναικός·
1533 1776 1809 1832 ’κατεῖπαι
1844 1772 1905 1832 δὲ

212 1858 290 1917 90
308 1856 407 1917 τὸν
452 1856 775 1937 ομότεχνον.
844 1857 955 1921 ’Ὃς
1000 1857 1048 1917 δ’
1090 1885 1160 1920 αν
1202 1856 1240 1935 ἢ
1287 1857 1466 1920 αὐτῶν
1509 1860 1830 1940 Αἰγυπτίων
1863 1858 1903 1936 ἦ

308 1944 497 2016 ξείνων
548 1944 751 2022 ομοίως
798 1945 911 2006 ὖπο
966 1947 1326 2024 κροκοδείλου
1373 1947 1680 2027 αρπαχθεὶς
1725 1945 1763 2023 ἢ
1807 1946 1902 2007 υπ’

306 2031 479 2093 αὐτοῦ
515 2038 617 2093 τοῦ
655 2038 913 2111 ποταμοῦ
960 2035 1228 2111 φαίνηται
1271 2034 1526 2110 τεθνηως,
1568 2034 1687 2094 κατ’
1725 2034 1796 2110 ἢν
1833 2060 1903 2096 αν

304 2120 477 2182 πόλιν
518 2121 817 2200 ἐξενειχθῇ,
857 2120 1087 2185 τούτους
1126 2126 1290 2183 πᾶσα
1331 2121 1546 2204 ἀνάγκη
1588 2121 1713 2182 ἐστὶ
1750 2147 1900 2199 ταρι-

305 2207 619 2287 χεύσαντας
657 2209 826 2269 αὐτὸν
872 2210 965 2267 καὶ
1002 2210 1464 2285 περιστείλαντας
1504 2209 1578 2272 ὥς
1617 2208 1903 2270 κάλλιστα

308 2294 487 2372 θάψαι
526 2299 585 2353 ἐν
622 2298 779 2373 ἱρῇσι
817 2294 1043 2373 θήκῃσι·
1088 2294 1214 2355 οὐδὲ
1249 2300 1470 2373 ψαῦσαι
1505 2298 1699 2367 ἔξεστι
1726 2296 1902 2357 αὐτοῦ

306 2380 489 2441 ἄλλον
504 2380 713 2451 οὐδένα,
733 2380 860 2441 οὔτε
878 2387 988 2441 τῶν
1006 2381 1406 2460 προσηκόντων
1425 2382 1552 2444 οὔτε
1569 2387 1679 2444 τῶν
1695 2384 1899 2461 φίλων·

305 2468 461 2528 ἀλλά
483 2492 581 2544 μιν
608 2470 660 2526 οἱ
687 2468 825 2545 ἱρέες
852 2468 1011 2529 αὐτοὶ
1037 2473 1091 2529 οἶ
1122 2474 1225 2529 τοῦ
1252 2471 1483 2540 Nestou,
1511 2470 1609 2530 ἅτε
1638 2473 1816 2533 πλέον
1843 2497 1900 2532 τι

304 2554 343 2633 ἢ
368 2554 663 2633 α’νθρῶπου
688 2580 898 2633 νεκρον,
925 2556 1385 2636 χειραπτάζοντες
1413 2556 1710 2619 θάπτουσι.

386 2642 776 2719 Ἑλληνικοῖσι
810 2643 870 2703 δὲ
904 2645 1190 2721 νομαίοισι
1225 2644 1501 2726 φευγουσι
1530 2647 1800 2726 χρᾶσθαι,
1828 2673 1897 2708 το

304 2731 365 2793 δὲ
411 2730 642 2808 σύμπαν
695 2721 883 2803 εἶπειν,
929 2731 1058 2809 μήδ’
1106 2731 1298 2793 ἄλλων
1350 2733 1582 2811 μηδαμα
1629 2734 1902 2811 μηδαμων

209 2822 283 2882 91
306 2818 603 2897 ἆνθρωπων
641 2821 945 2895 νομαίοισι.
1013 2821 1092 2900 (οι
1129 2820 1235 2897 μέν
1269 2846 1366 2881 νυν
1399 2820 1570 2881 ἄλλοι
1605 2821 1901 2902 Αἰγύπτιοι

304 2908 447 2970 οὕτω
477 2911 645 2967 τοῦτο
674 2907 1065 2982 φυλάσσουσι·
1106 2911 1231 2970 ἔστι
1262 2908 1325 2968 δὲ
1360 2910 1582 2987 Χέμμις
1609 2910 1776 2973 πόλις
1803 2934 1899 2986 με·

300 2996 453 3079 γάλη
494 3000 670 3073 νομοῦ
704 2999 805 3055 τοῦ
837 2998 1152 3072 Θηβαῖκοΰ,
1185 2995 1350 3077 ἔγγῦς
1388 2998 1542 3073 Νέης
1579 2997 1798 3061 πόλιος·
1839 3001 1924 3057 ἐν·

301 3085 475 3163 ταύτῃ
494 3089 565 3163 τῇ
592 3083 731 3144 πόλι
758 3083 882 3144 ἐστὶ
908 3085 1166 3161 Περσέος
1189 3087 1290 3144 τοῦ
1319 3084 1543 3160 Δανάης
1571 3082 1691 3161 ἳρόν
1708 3083 1900 3161 τετρά-

300 3198 496 3243 γωνον·
542 3172 708 3251 πέριξ
751 3170 812 3231 δὲ
857 3171 1027 3232 αὐτοῦ
1073 3173 1321 3249 φοίνικες
1363 3171 1672 3248 πεφύκασι·
1724 3170 1796 3230 τοὶ
1838 3170 1900 3231 δὲ

676 3263 703 3279 Α
745 3261 763 3282 0
838 3262 867 3279 fl

340 3259 569 3323 ὀόπυλα
600 3286 703 3322 του
744 3284 865 3335 ιρου
904 3258 1093 3321 λίθινά
1133 3263 1276 3332 ἐστι,
1307 3259 1483 3337 κάρτα
1519 3256 1766 3338 μεγάλα·
1807 3262 1902 3323 ἐπὶ
