2267 3517
286 108 379 154 348
898 105 1265 154 ²111·voon
1763 104 1891 169 [IV.

286 183 513 263 οἰχώκεε
533 190 589 248 ἐς
608 185 911 266 Αἴγυπτον·
942 184 1093 259 ἦσαν
1116 182 1228 265 γάρ
1250 187 1310 273 οἱ
1335 189 1395 244 ἐκ
1419 187 1522 244 τοῦ
1547 182 1898 263 Ἀρκεσίλεω

284 271 592 353 εὐεργεσίαι
636 278 690 335 ἐς
731 272 1058 349 Καμβύσεα
1103 273 1204 332 τὸν
1245 272 1436 348 Κύρου
1490 275 1892 348 πεποιημέναι·

285 359 471 440 (οὗτος
502 361 609 440 γὰρ
645 359 714 435 ἦν
742 360 773 419 ὁ
810 360 1180 437 Ἀρκεσίλεως
1208 360 1268 423 ὅς
1295 359 1560 436 Κυρήνην
1591 361 1892 441 Καμβύσῃ

284 448 446 506 ἔδωκε
473 449 564 505 καὶ
593 447 771 525 φόρον
792 447 1071 528 ἐτάξατο·)
1100 447 1408 525 ἀπικομένη
1439 447 1498 506 δὲ
1527 453 1581 511 ἐς
1603 449 1895 529 Αἴγυπτον

282 535 322 610 ἦ
348 538 621 612 Φερετίμη
648 534 957 612 Ἀρυάνδεω
984 537 1151 600 ἱκέτις
1179 537 1346 606 ἕζετο,
1369 540 1691 613 τιμωρῆσαι
1719 540 1894 616 ἐωυτῇ

283 623 591 682 κελεύουσα
605 650 618 662 ·
658 625 1047 702 προῖσχομένη
1082 623 1394 700 πρόφασιν,
1427 623 1498 686 ὥς
1530 623 1622 682 διαῗ
1659 624 1759 684 τὸν
1785 652 1892 701 μη-

190 713 304 769 166
324 711 527 788 δισμόν
554 711 587 772 ὄ
611 715 745 774 παῖς
766 715 819 770 οἱ
845 713 1092 787 τέθνηκε.
1151 710 1220 770 Ὁ
1243 712 1302 770 δὲ
1317 710 1622 788 Ἀρυάνδης
1639 711 1710 787 ἦν
1731 710 1893 776 οὗτος

280 803 380 874 τῆς
400 799 689 880 Αἰγύπτου
708 799 958 878 ὕπαρχος
983 799 1093 859 ὖπὸ
1115 799 1452 876 Καμβύσεω
1472 799 1802 863 κατεστεώς·
1829 800 1894 864 ὃς

280 886 495 968 ὑστέρῳ
527 888 711 968 χρόνῳ
735 888 942 948 τούτων
968 887 1375 965 παρισεύμενος
1413 889 1630 967 Δαρείῳ
1662 888 1888 964 διεφθά-

279 1001 372 1050 ρη.
432 975 747 1052 πυθόμενος
788 975 899 1057 γὰρ
946 976 1037 1034 καὶ
1076 976 1204 1036 ἰδών
1243 979 1484 1053 Δαρεῖον
1521 976 1891 1052 ἐπιθυμέοντα

278 1062 642 1139 μνημόσυνον
672 1067 877 1123 ἑωυτοῦ
908 1063 1182 1122 λιπέσθαι
1215 1066 1384 1123 τοῦτο
1408 1063 1476 1122 τό
1503 1062 1584 1138 μὴ
1612 1063 1776 1141 ἄλλῳ
1805 1064 1890 1140 εἴη

278 1150 520 1225 βασιλέϊ
578 1149 1046 1232 κατεργασμένον,
1102 1150 1360 1228 ἐμιμέετο
1414 1153 1637 1210 τοῦτον·
1711 1155 1766 1214 ἐς
1821 1150 1887 1210 οὗ

282 1238 461 1315 ἔλαβε
485 1237 587 1298 τὸν
611 1237 843 1313 μισθόν.
923 1241 1160 1316 Δαρεῖος
1185 1240 1289 1314 μὲν
1314 1237 1426 1319 γὰρ
1453 1239 1694 1317 χρυσίον
1721 1238 1888 1298 καθα-

278 1323 529 1400 ρώτατον
581 1324 882 1404 ἀπεψήσας
946 1330 1001 1389 ἐς
1050 1325 1117 1386 τὸ
1173 1326 1570 1394 δυνατώτατον,
1637 1326 1892 1402 νόμισμα

283 1411 525 1489 ἐκόψατο
540 1438 553 1452 ·
610 1412 914 1490 Ἀρυάνδης
958 1415 1017 1473 δὲ
1062 1413 1250 1492 ἅρχων
1291 1412 1580 1494 Αἰγύπτου
1625 1412 1890 1494 ἀργύριον

279 1497 457 1558 τῶυτὸ
489 1503 658 1559 τοῦτο
696 1501 905 1559 ἐποίεε·
948 1503 1041 1559 καὶ
1066 1506 1165 1561 νῦν
1195 1504 1318 1562 ἐστὶ
1346 1499 1612 1580 ἀργύριον
1639 1501 1888 1580 καθαρώ-

278 1610 447 1644 τατον
473 1585 540 1645 vd
565 1585 944 1661 Ἀρυανδικόν.
1012 1587 1206 1663 μαθών
1233 1589 1292 1647 δὲ
1321 1587 1560 1664 Δαρεῖός
1584 1614 1684 1664 μιν
1709 1595 1886 1649 ταῦτα

277 1676 554 1743 ποιεῦντα,
582 1674 763 1750 αἰτίην
804 1676 858 1732 οἱ
896 1672 1083 1750 ἄλλην
1123 1677 1417 1745 ἐπενείκας,
1458 1674 1528 1738 ὥς
1571 1679 1623 1734 οἱ
1660 1676 1887 1736 ἐπανίσ-

189 1759 302 1821 167
321 1786 496 1831 ταιτο,
535 1759 841 1821 ἀπέκτεινε.
901 1762 1041 1822 Τότε
1067 1763 1127 1821 δὲ
1155 1760 1316 1826 οὗτος
1353 1762 1385 1822 ὅ
1419 1761 1726 1839 Ἀρυάνδης
1759 1790 1885 1821 κατ-

279 1849 551 1927 οικτείρας
609 1851 931 1927 Φερετίμην,
991 1851 1136 1910 διδοῖ
1189 1849 1332 1928 αὐτῇ
1373 1849 1622 1928 στρατόν
1673 1850 1772 1910 τὸν
1827 1851 1891 1919 ἐξ

280 1937 567 2018 Αἰγύπτου
610 1937 845 2009 ἅπαντα,
886 1939 977 1998 καὶ
1014 1938 1111 1998 τόν
1143 1938 1312 2012 πεζὸν
1344 1938 1438 1996 καὶ
1470 1937 1568 1997 τὸν
1605 1937 1885 1998 ναυτικόν·

277 2027 600 2108 στρατηγὸν
628 2027 687 2085 δὲ
712 2032 813 2086 τοῦ
840 2030 943 2103 μὲν
974 2029 1144 2098 πεζοῦ
1171 2025 1428 2102 Ἀμασιν
1455 2023 1687 2094 ἀπέδεξε
1714 2025 1886 2102 ἄνδρα

278 2115 605 2191 Μαράφιον,
632 2119 733 2172 τοῦ
774 2115 834 2173 δὲ
874 2118 1133 2174 ναυτικοῦ
1167 2113 1408 2190 Βάδρην,
1450 2112 1612 2173 ἐόντα
1648 2120 1882 2190 Πασαρ-

275 2202 451 2282 γάδην
475 2203 656 2281 γένος.
739 2203 869 2279 πρὶν
896 2201 955 2260 δὲ
979 2201 1016 2277 ἢ
1044 2201 1382 2261 ἀποστεῖλαι
1407 2199 1512 2276 τὴν
1533 2200 1823 2277 στρατιήν,
1851 2202 1888 2261 ὅ

273 2289 579 2366 Ἀρυάνδης
598 2291 824 2366 πέμψας
850 2295 906 2352 ἐς
930 2289 1034 2365 τὴν
1054 2290 1280 2366 Βάρκην
1301 2288 1528 2366 κήρυκα,
1551 2288 1888 2349 ἐπυνθάνετο

275 2379 360 2439 τίς
402 2379 484 2452 εἴη
526 2376 557 2436 ὅ
596 2376 972 2453 Ἀρκεσίλεων
1012 2377 1364 2444 ἇποκτείναςς
1415 2378 1468 2435 οἱ
1513 2376 1574 2435 δὲ
1613 2380 1888 2452 Βαρκαῖοι

277 2465 436 2524 αὗτοὶ
476 2465 813 2523 ὖποδεκέατο
854 2465 1073 2528 πάντες·
1130 2463 1325 2524 πολλά
1362 2490 1426 2525 τε
1463 2465 1577 2544 γοὶρ
1615 2464 1707 2522 καὶ
1744 2465 1888 2524 κακσῖ

276 2553 520 2631 πάσχειν
538 2551 629 2610 ὑπ’
648 2550 837 2611 αὐτοῦ·
878 2553 1190 2628 πυθόμενος
1218 2553 1276 2610 δὲ
1301 2556 1478 2612 ταῦτα
1505 2552 1536 2612 ὁ
1563 2551 1883 2628 Ἀρυάνδης,

276 2640 417 2700 οὕτω
444 2640 511 2715 δή
538 2639 643 2714 τήν
680 2639 955 2717 στρατιήν
986 2639 1290 2700 ἀπέστειλε
1327 2639 1446 2719 ἅμα
1481 2645 1554 2718 τῇ
1589 2641 1886 2718 Φερετίμῃ.

279 2727 418 2804 αὕτη
456 2729 562 2804 μέν
600 2753 697 2788 νυν
739 2729 885 2803 αἰτίη
926 2727 1238 2806 πρόσχημα
1277 2733 1378 2788 τοῦ
1419 2727 1598 2810 λόγου
1647 2729 1881 2808 ἐγίνετο·

276 2815 637 2891 ἀπεπέμπετο
692 2815 751 2874 δὲ
805 2814 841 2890 ἦ
896 2815 1152 2892 στρατιή,
1209 2815 1279 2878 ὥς
1333 2817 1460 2894 ἐμοὶ
1515 2816 1740 2885 δοκέειν,
1792 2816 1888 2874 ἐπὶ

276 2902 507 2979 Λιβύων
537 2908 929 2980 καταστροφῇ·
971 2902 1202 2978 Λιβύων
1240 2903 1351 2982 γσῖρ
1395 2904 1464 2979 δὴ
1497 2904 1658 2963 ἔθνεα
1689 2901 1886 2960 πολλοὶ

277 2991 369 3047 καὶ
388 2989 627 3049 παντοῖά
654 2995 797 3049 ἐστι·
841 2990 931 3047 καὶ
958 2991 1030 3048 τσῖ
1053 2993 1158 3065 μὲν
1195 2991 1375 3050 αὐτῶν
1399 2990 1571 3068 ὀλίγα
1606 2989 1887 3066 βασιλέος

272 3075 342 3150 ἦν
368 3077 603 3152 ὖπήκοα,
629 3077 703 3137 wi
730 3077 790 3135 δὲ
816 3078 969 3134 πλέω
992 3077 1280 3152 ἐφρόντιζε
1301 3078 1540 3154 Δαρείου
1569 3077 1745 3135 οὐδέν.

184 3162 299 3220 168
386 3166 651 3223 Οἰκέουσι
698 3165 760 3222 δὲ
802 3163 943 3222 κατσῖ
990 3163 1123 3221 τάδε
1169 3165 1400 3238 Λίβυες·
1458 3161 1554 3222 ἀπ’
1596 3161 1885 3242 Αἰγύπτου

278 3245 595 3322 ἀρξάμενοι,
616 3255 827 3323 πρῶτοι
840 3249 1244 3327 Ἀδυρμαχίδαι
1257 3249 1488 3326 Λιβύων
1507 3250 1884 3324 κατοίκηνται·
