2267 3517
344 131 565 200 τιν-32]
923 134 1380 188 ammomum.
1849 138 1947 188 291

1919 221 1948 238 Α

344 217 563 285 τοῦτον,
588 213 809 292 ἡμίονοι
835 215 896 278 δὲ
922 217 1015 276 καὶ
1040 215 1159 278 ὄνοι
1187 215 1286 278 οὔκ
1311 215 1608 296 ἀνέχοντα
1633 215 1836 296 ἀρχήν·
1873 242 1946 296 τῃ

345 301 408 362 δὲ
432 300 587 381 ἄλλῃ
613 303 775 364 ἵπποι
798 306 903 381 μὲν
944 308 1005 364 ἐν
1042 308 1232 382 κρυμῷ
1266 308 1528 368 ἑστεῶτες
1557 303 1950 380 ἀποσφακελί-

345 389 525 460 ζουσι,
571 389 691 451 ὄνοι
736 391 795 451 δὲ
850 391 941 450 καὶ
957 390 1205 498 ,ἠμίονοι
1249 391 1562 471 ἀνέχονται.
1645 393 1843 452 Δοκέει
1888 392 1952 452 δέ
1965 393 2040 457 29

342 501 445 544 μοι
478 477 571 537 καὶ
608 503 676 538 το
712 479 875 560 γένος
906 483 1017 540 τῶν
1051 480 1211 555 βοῶν
1248 479 1315 540 τό
1349 479 1524 543 κόλον
1557 478 1650 539 διαὶ
1679 484 1858 540 ταῦτα
1883 505 1948 540 ου

345 563 509 639 φύειν
532 566 697 643 κέρεα
720 566 937 628 αὐτόθι·
976 568 1272 646 μαρτυρέει
1298 567 1361 627 δέ
1389 593 1500 644 μου
1537 571 1610 648 τῇ
1635 566 1830 650 γνώμῃ
1856 568 1948 628 καὶ

342 651 652 730 Ομήρου*
622 679 755 718 επος
780 659 840 716 ἐν
861 654 1188 734 Ὀδυσσείῃ,
1216 655 1346 735 ἔχον
1372 652 1496 716 ὦδε·

473 744 577 792 Καὶ
599 745 807 839 Διβυην,
844 741 925 794 ὅθι
954 742 999 792 τ’
1028 743 1164 806 α’ρνες
1195 745 1332 807 α’φαρ
1365 744 1526 806 κεραοὶ
1558 744 1826 794 τελέθουσι·

342 811 522 890 ὀρθῶς
568 816 870 892 εἷρημενον,
914 819 974 875 ἐν
1012 818 1170 875 τοῖσι
1212 816 1474 893 θερμοῖσι
1511 814 1656 894 ταχΰ
1703 813 1943 897 παραγί-

341 902 540 961 νεσθαι
563 901 637 962 τοὶ
664 902 844 981 κέρεα·
884 907 945 964 ἐν
975 902 1035 962 δὲ
1065 905 1221 962 τοῖσι
1253 905 1544 981 ἰσχυροῖσι
1576 901 1788 980 ψύχεσι
1811 899 1850 978 ἢ
1877 901 1943 962 ού

342 988 473 1063 φύει
499 990 661 1067 κέρεα
694 989 767 1050 τὰ
798 989 1002 1066 κτήνεα
1040 988 1240 1069 ἀρχὴν,
1267 988 1306 1066 ἢ
1332 989 1548 1066 φύοντα
1588 988 1720 1065 φύει
1755 989 1942 1071 μόγις.

340 1078 578 1138 ἐνθαῦτα
601 1079 707 1157 μέν
732 1103 829 1139 νυν
854 1077 947 1138 διὰ
969 1077 1042 1140 τοὶ
1068 1078 1251 1157 ψύχεα
1279 1078 1492 1159 γίνεται
1516 1082 1711 1138 ταῦτα.
1792 1079 2038 1156 &mv-‘30

338 1163 495 1240 μείζω
526 1165 603 1236 δὲ,
640 1165 990 1246 (προσθήκας
1018 1165 1129 1247 γὰρ
1167 1165 1236 1242 δή
1267 1191 1366 1243 μοι
1396 1165 1428 1226 ὅ
1459 1165 1632 1247 λόγος
1671 1164 1733 1236 ἐξ
1762 1165 1941 1245 ἀρχῆς

342 1249 597 1334 ε’δίζητο,)
623 1253 712 1314 ὅτι
748 1259 806 1314 ε’ν
844 1258 918 1333 vij
945 1253 1150 1334 Ἠλείῃ
1179 1253 1341 1334 πάσῃ
1379 1254 1535 1336 χώρῃ
1577 1252 1643 1316 ού
1685 1254 1940 1314 δυνέαται

337 1339 599 1420 γίνεσθαι
648 1341 887 1420 ἠμίονοι,
937 1341 1063 1404 οὔτε
1115 1347 1337 1422 ψυχροῦ
1379 1347 1482 1404 τοῦ
1527 1342 1713 1424 χώρου
1755 1341 1942 1420 ἐόντος

340 1428 469 1488 οὔτε
492 1428 676 1490 ἄλλου
716 1435 964 1508 φανεροῦ
992 1431 1183 1492 ,αἰτίου
1225 1430 1462 1495 οὐδενός·
1504 1431 1656 1508 φασὶ
1691 1430 1751 1490 δὲ
1781 1428 1942 1490 αὐτοὶ

336 1514 559 1579 Ἠλεῖοι
600 1523 662 1580 ἐκ
705 1518 946 1596 κατάρης
984 1545 1081 1580 τευ
1114 1518 1180 1578 ού
1214 1518 1478 1599 γίνεσθαί
1515 1525 1628 1596 σφι
1658 1517 1939 1596 ἡμιόνους·

336 1602 471 1666 ἀλλ’
510 1606 680 1668 ε’πεᾶν
717 1609 932 1686 προσίῃ
971 1606 1010 1683 ἠ
1051 1605 1166 1684 ὥρη
1206 1607 1538 1669 κυΐσκεσθαι
1576 1606 1679 1672 ταῖς
1719 1607 1938 1677 ἵππους,

336 1693 697 1764 ἐξελαύνουσι
722 1701 779 1761 ἐς
800 1694 932 1760 τοῦς
956 1693 1387 1774 πλησιοχώρους
1414 1694 1600 1760 αὐτάς·
1635 1695 1726 1754 καὶ
1752 1693 1940 1756 ἔπειτά

335 1789 449 1860 σφι
490 1788 560 1844 ε’ν.
585 1789 660 1864 τῇ
691 1788 804 1845 τῶν
840 1784 1021 1847 πέλας
1058 1787 1264 1843 ἐπιεῖσι
1300 1783 1431 1848 τούς
1466 1782 1642 1854 ὅνους,
1680 1788 1735 1848 ἐς
1767 1781 1832 1842 οὗ
1867 1780 1937 1843 ἂν

335 1875 525 1950 σχῶσι
550 1875 609 1932 αἱ
636 1873 797 1932 ἵπποι
822 1877 882 1932 ἐν
904 1871 1133 1953 γαστρί·
1175 1873 1364 1932 ἔπειτα
1389 1870 1448 1930 δὲ
1481 1869 1665 1931 ὀπίσω
1691 1868 1934 1930 α’πελαύ-

335 1982 518 2019 νουσι.
598 1961 747 2037 Περὶ
785 1959 847 2018 δὲ
877 1963 988 2020 τῶν
1032 1961 1266 2037 πτερῶν,
1297 1961 1407 2018 τῶν
1447 1957 1660 2022 Σκύθαι
1698 1958 1933 2038 λέγουσι
1949 1959 2024 2018 31

335 2042 627 2107 ἀνάπλεων
653 2046 791 2108 εἶναι
815 2046 915 2107 τόν
938 2047 1095 2125 ἠέρα,
1124 2047 1218 2106 καὶ
1255 2044 1464 2106 τούτων
1499 2045 1678 2106 εἵνεκα
1714 2044 1814 2104 οὐκ
1841 2044 1933 2105 οἷό.

335 2157 398 2191 τε
435 2132 573 2194 εἶναι
604 2133 731 2194 οὔτε
762 2134 895 2194 ἰδεῖν
932 2134 1000 2195 τὰ
1040 2135 1240 2212 πρόσω
1276 2137 1381 2210 τῆς
1417 2133 1651 2211 ἠπείρου
1690 2131 1818 2192 οὔτε
1856 2132 1934 2191 δι-

337 2219 553 2294 εξιέναι,
577 2221 797 2298 τήνδε”
767 2249 876 2302 εχω
900 2222 1030 2300 περὶ
1056 2221 1237 2283 αὐτῶν
1260 2221 1366 2298 τήν
1391 2219 1746 2303 γνώμην·τᾶ
1773 2219 1932 2280 κατύ-

256 2318 269 2330 ”
334 2310 507 2386 περθε
543 2309 747 2386 ταύτης
782 2315 885 2386 τῆς
921 2310 1106 2389 χώρης
1145 2310 1254 2370 αἰεὶ
1292 2311 1530 2388 νίφεται,
1559 2308 1835 2370 ἐλάσσονι
1875 2309 1936 2368 δὲ

333 2400 435 2456 τοῦ
462 2396 708 2475 θέρεος
673 2424 710 2473 η
735 2402 836 2460 τοῦ
860 2402 1148 2507 χειμῶνος,
1178 2397 1366 2475 ὥσπερ
1395 2398 1489 2456 καὶ
1521 2397 1689 2462 οἶκός·
1729 2395 1904 2474 ἤδη’
1864 2423 1938 2458 ων

334 2484 494 2549 ὅστις
523 2485 771 2567 ἀγχόθεν
802 2487 969 2566 χιόνα
998 2486 1174 2564 αὸρήν
1205 2487 1524 2547 πίπτουσαν
1566 2486 1692 2558 εἶδε,
1719 2486 1834 2546 οἶδε
1868 2512 1935 2547 το

333 2575 503 2655 λέγω·
544 2575 688 2635 ἔοικε
725 2574 837 2656 γὰρ
870 2573 910 2651 ἠ
948 2573 1087 2656 χιών
1116 2579 1396 2652 πτεροῖσι·
1437 2573 1530 2634 καὶ
1566 2573 1658 2633 ὃιαῖ
1685 2572 1787 2635 τόν
1819 2599 1935 2653 χει-

331 2666 492 2739 μῶνα
515 2665 716 2724 τοῦτον
742 2662 905 2722 ε’όντα
928 2665 1200 2734 τοιοῦτον,
1226 2662 1462 2740 ἀοίκητα
1485 2661 1558 2723 τὰ
1587 2661 1728 2740 πρὸς
1751 2663 1938 2739 βορῆν

335 2755 462 2812 ἐστι
497 2754 602 2827 τῆς
638 2750 871 2829 ἠπείρου
909 2750 1131 2828 ταύτης·
1184 2750 1258 2812 τὰ
1294 2751 1369 2812 ὧν
1408 2749 1585 2828 πτερὰ
1625 2749 1938 2821 εἰκάζοντας

332 2838 439 2915 τήν
463 2838 628 2919 χιόνα
652 2839 781 2903 τούς
808 2838 1027 2904 Σκύθας
1056 2865 1121 2900 τε
1151 2838 1244 2898 καὶ
1275 2837 1405 2901 τούς
1428 2837 1741 2914 περιοίκους
1767 2837 1938 2896 δοκέω

334 2929 543 3009 λέγειν.
622 2931 803 2989 ταῦτα
850 2928 956 3005 μέν
1021 2951 1119 2988 νυν
1183 2925 1256 2987 τοὶ
1320 2925 1548 3008 λέγεται
1612 2924 1938 3003 μακρότατα

336 3016 569 3092 εἴρηται.
634 3023 639 3027 ’

414 3103 807 3182 εὙπερβορέων
846 3103 906 3164 δὲ
944 3102 1073 3180 πέρι
1112 3100 1416 3180 ἀνθρώπων
1456 3098 1582 3161 οὕτε
1619 3124 1675 3159 τι
1722 3095 1933 3162 Σκύθαι
1955 3096 2032 3156 32

332 3193 591 3274 λέγουσι,
607 3191 735 3253 οὔτε
756 3193 900 3256 τινὲς
922 3189 1097 3250 αλλοι
1120 3193 1231 3250 τῶν
1254 3188 1428 3268 ταύτῃ
1450 3186 1765 3262 οἰκημένων,
1787 3189 1835 3245 εῑ
1855 3183 1938 3260 μή

334 3279 447 3361 ἄρα
473 3279 815 3360 Ἰσσηδόνες·
857 3279 928 3345 ὥς
954 3277 1001 3338 δ’
1030 3283 1138 3359 ε’γω
1120 3276 1352 3347 δοκέω,
1379 3273 1490 3335 οὐδ’
1519 3272 1672 3334 οὗτοι
1697 3271 1939 3353 λέγουσι
