2267 3517
311 115 412 162 240
926 114 1293 164 ἮΡοΔοΤοΤ
1782 113 1915 180 [111.

312 193 513 272 μένους
535 219 599 256 τε
624 195 718 254 καὶ
741 195 1012 272 βοῶντας,
1042 193 1149 254 «ivd
1173 220 1237 254 τε
1268 195 1507 272 ἔδραμον
1530 195 1705 256 πάλιν
1732 195 1917 272 ἀμφό-

309 306 462 359 τεροι
507 283 637 353 καὶ,
667 282 739 346 ὥς
785 283 992 358 ἔμαθον
1036 282 1102 341 τὰ
1132 282 1503 359 -ποιεύμενον,
1552 283 1693 360 πρὸς
1738 282 1919 359 ἀλκὴν

315 369 639 447 ἐτράποντο·
683 369 714 428 ό
740 372 844 446 μὲν
869 369 938 444 δὴ
974 368 1153 429 αὐτῶν
1187 370 1389 446 φθάνει
1422 370 1495 429 ταῖ
1519 371 1659 440 τόξα
1692 370 1918 430 κατελό-

311 481 492 532 μενος,
519 457 551 517 ὁ
589 457 650 516 δὲ
683 457 825 533 πρός
857 455 964 532 τὴν
997 453 1211 536 αἰχμὴν
1252 457 1538 534 ἐτράπετο·
1583 460 1820 519 ἐνθαῦτα
1859 458 1919 518 δὲ

315 543 658 626 συνέμισγον
691 543 1022 625 α’λλήλοισι·
1064 549 1141 623 τῷ
1170 547 1273 622 μὲν
1313 543 1381 620 δή
1422 545 1493 604 τοὶ
1533 545 1673 615 τόξα
1710 545 1918 606 οἷναλα-

312 631 479 709 βόντι
525 632 728 702 αὐτῶν,
769 631 966 692 ἐόντων
1007 657 1070 692 τε
1117 631 1298 713 ἀγχοῦ
1343 636 1453 692 τῶν
1498 635 1784 710 πολεμίων
1826 636 1917 694 καὶ

315 719 744 798 προσκειμένων,
791 718 864 796 ἦν
909 718 1136 799 χρηστᾶ
1188 718 1362 780 οὐδέν·
1432 721 1466 780 ὅ
1520 720 1567 780 δ’
1617 722 1799 798 ἔτερος
1844 726 1919 801 τῇ

317 811 496 888 αἰχμῇ
535 807 793 885 ἠμύνετο,
829 808 922 867 καὶ
960 812 1129 869 τοῦτο
1168 810 1272 885 μὲν
1295 807 1647 884 Ἀσπαθίνην
1671 811 1823 868 παίει
1864 815 1921 874 ἐς

313 896 414 958 τᾶν
451 896 648 974 μηρόν,
682 901 850 956 τοῦτο
892 897 953 956 δὲ
977 895 1337 974 Ἰνταφέρνεα
1378 902 1433 960 ἐς
1462 896 1563 958 τὸν
1596 896 1917 976 ὀφθαλμόν·
1966 928 1972 934 ·

317 978 412 1045 καὶ
445 984 721 1066 ἐστερήθη
755 986 860 1061 μὲν
891 989 993 1044 τοῦ
1020 983 1328 1060 ὀφθαλμοῦ
1362 990 1422 1044 ἐκ
1447 989 1549 1045 τοῦ
1573 985 1861 1062 τρώματος
1886 985 1920 1046 ὅ

314 1071 686 1150 Ἰνταφέρνης,
735 1071 802 1132 οὗ
852 1071 1046 1148 μέντοι
1099 1071 1343 1133 ἀπέθανέ
1388 1098 1474 1153 γε.
1555 1077 1668 1133 τῶν
1706 1075 1810 1151 μὲν
1849 1073 1919 1148 δὴ

317 1160 532 1242 Μάγων
583 1159 804 1236 οὕτερος
849 1160 1177 1236 τρωματίζει
1198 1159 1469 1224 τούτους·
1531 1159 1564 1220 ὅ
1612 1161 1672 1220 δὲ
1718 1162 1923 1238 ἔτερος,-

317 1249 440 1309 ἐπεί
459 1248 521 1308 τέ
549 1251 603 1308 οἱ
627 1247 700 1308 vd
723 1246 862 1316 τόξα
899 1245 1058 1307 οὐδὲν
1087 1247 1314 1326 χρηστά
1354 1247 1590 1328 ἐγένετο,
1616 1247 1689 1326 ἦν
1712 1248 1824 1329 γοὶρ
1852 1249 1923 1326 δὴ

320 1337 574 1414 θάλαμος
614 1334 825 1415 ἐσέχων
865 1338 922 1397 ἐς
958 1334 1060 1394 τόν
1095 1333 1385 1411 ἀνδρεῶνα,
1428 1339 1484 1398 ἐς
1517 1339 1717 1395 τοῦτον
1756 1361 1921 1397 κατα-

319 1423 530 1504 φεύγει,
559 1422 738 1484 θέλων
776 1421 947 1482 aba-05
986 1425 1318 1499 προσθεῖναι
1357 1421 1457 1486 τὰς
1498 1423 1687 1500 θύρας·
1731 1425 1834 1484 καί
1866 1429 1921 1484 οἱ

319 1512 766 1571 συνεσπίπτουσι
803 1513 916 1570 τῶν
955 1510 1096 1570 ἑπτα
1137 1509 1252 1579 δύο,
1297 1511 1534 1588 Δαρεῖός
1570 1536 1635 1571 τε
1676 1513 1769 1571 καὶ
1807 1518 1923 1571 Γω-

319 1599 519 1677 βρύης·
586 1598 1014 1680 συμπλακέντος
1067 1597 1126 1657 δὲ
1180 1597 1457 1676 Γωβρύεω
1508 1602 1586 1678 τῷ
1637 1599 1923 1681 Μάγω,ο
1903 1599 1923 1619 ‘

321 1691 558 1764 Δαρεῖος
600 1685 873 1749 ἐπεστεως
909 1685 1126 1762 ἠπόρει,
1162 1686 1256 1744 οἷα
1292 1690 1351 1745 ἐν
1382 1685 1577 1746 σκότεϊ
1610 1687 1921 1764 προμηθεό-

319 1800 485 1852 μενος
513 1773 593 1851 μὴ
625 1773 817 1852 πλήξῃ
850 1773 950 1834 τόν
981 1772 1275 1849 Γωβρύην·
1320 1771 1491 1850 ορέων
1522 1773 1585 1833 δέ
1617 1798 1716 1851 μιν
1750 1774 1925 1856 οἷργον

321 1866 639 1923 ἐπεστεῶτα
689 1859 1061 1937 οΓωβρύης,
1104 1861 1280 1938 εἴρετο
1320 1860 1353 1920 ὅ
1392 1886 1448 1920 τι
1497 1887 1563 1921 ου
1608 1887 1814 1971 χραται
1851 1867 1925 1941 τῇ

320 1951 479 2030 χερί;
521 1949 553 2010 ὁ
591 1949 650 2009 δὲ
687 1948 825 2008 εἷπε·
869 1948 1373 2026 ’(προμηθεόμενος
1404 1974 1527 2019 σεο,
1559 1974 1639 2025 μη
1676 1949 1925 2026 πλήξωΡ

322 2037 592 2116 Γωβρύης
624 2038 684 2096 δὲ
715 2037 1004 2114 ἀμείβετο·
1048 2046 1083 2071 “
1102 2035 1231 2096 ὤθει
1263 2037 1355 2095 καὶ
1391 2035 1471 2095 δι’
1494 2031 1829 2114 ἀμφοτέρων
1858 2038 1924 2098 τό

324 2124 540 2202 ξίφος·”
596 2127 832 2202 Δαρεῖος
884 2124 945 2182 δὲ
995 2123 1342 2200 πειθόμενος,
1386 2121 1502 2184 ωσέ
1541 2149 1605 2184 τε
1642 2124 1709 2185 τὸ
1750 2130 1927 2207 ἐγχει-

327 2214 503 2290 ρίδιον
529 2212 622 2272 καὶ
648 2211 806 2290 ἔτυχέ
834 2237 938 2274 κως
962 2214 1063 2270 τοῦ
1091 2211 1319 2292 Μάγου.

231 2301 306 2362 79
404 2299 858 2361 Ἀποκτείναντες
892 2299 952 2358 δὲ
983 2299 1113 2361 τούς
1149 2298 1385 2378 Μάγους
1418 2300 1511 2358 καὶ
1546 2299 1929 2378 α’ποταμόντες

324 2387 504 2448 αὖτῶν
553 2385 655 2450 τὰς
707 2385 974 2462 κεφαλὰς,
1014 2385 1145 2448 τούς
1175 2441 1179 2446 .
1196 2388 1301 2462 μὲν
1351 2390 1667 2466 τρωματίας
1719 2395 1929 2450 ἐωυτῶν

327 2475 496 2534 αὐτοῦ
531 2474 813 2543 λείπουσι,
848 2474 940 2532 καὶ
971 2471 1271 2548 ἀδυνασίης
1308 2474 1510 2535 εἵνεκεν
1544 2479 1637 2535 καὶ
1669 2483 1930 2553 φυλακῆς

327 2567 430 2638 τῆς
471 2561 826 2639 ἀκροπόλιος·
909 2563 964 2620 οἱ
1006 2560 1064 2619 δὲ
1110 2559 1278 2620 πέντε
1318 2561 1513 2624 ἀὐτῶν
1559 2565 1778 2644 ἔχοντες
1809 2569 1931 2627 ’τῶν

330 2651 547 2733 Μάγων
570 2650 671 2712 τοὶς
697 2646 965 2725 κεφαλᾶς,
1003 2648 1159 2708 ἔθεον
1191 2649 1293 2719 ἔξω
1322 2651 1445 2728 βοῇ
1484 2677 1546 2710 τε
1582 2653 1675 2711 καὶ
1700 2653 1931 2734 πατάγῳ

329 2738 652 2818 χρεώμενοι·
705 2737 798 2796 καὶ
837 2734 1070 2812 Πέρσας
1107 2736 1239 2800 τούς
1292 2736 1505 2802 ἄλλους
1544 2740 1929 2812 ἐπεκαλέοντο,

333 2825 688 2908 ἐξηγεόμενοί
705 2849 767 2884 τε
792 2823 858 2884 τὰ
883 2827 1120 2903 πρῆγμα
1148 2825 1239 2884 καὶ
1272 2825 1609 2890 δεικνύοντες
1631 2827 1735 2891 τοὶς
1762 2836 1931 2905 κεφα-

330 2916 456 2978 λάς·
509 2915 601 2973 καὶ
631 2911 750 2990 ἅμα
790 2913 1027 2972 ἔκτεινον
1057 2911 1243 2972 πάντα
1281 2913 1407 2974 τινοὶ
1444 2918 1556 2975 τῶν
1587 2914 1804 2994 Μάγων
1834 2917 1935 2977 τὸν

335 3008 394 3064 ἐν
438 3003 580 3063 ποσὶ
615 2999 1062 3114 γινόμενον.οἱ
1098 2999 1158 3058 δὲ
1199 2999 1427 3076 Πέρσαι
1464 3001 1739 3079 μαθόντες
1772 3004 1841 3063 τό
1870 3029 1934 3064 τε

337 3091 567 3173 γεγονὸς
609 3094 668 3148 ἐκ
697 3092 808 3148 τῶν
845 3085 986 3146 ἑπτα
1021 3086 1114 3144 καὶ
1143 3091 1256 3147 τῶν
1296 3088 1511 3169 Μάγων
1550 3089 1655 3163 τὴν
1695 3089 1933 3166 απάτην,

336 3180 600 3240 ἐδικαίευν
632 3176 723 3236 καὶ
758 3173 916 3234 αὐτοι
952 3173 1112 3249 ἕτερα
1146 3178 1378 3234 τοιαῦτα
1412 3174 1639 3236 ποιέειν·
1708 3176 1934 3236 σπασά-

334 3291 494 3342 μενοι
531 3265 592 3326 δὲ
628 3264 701 3324 τοὶ
741 3261 1042 3342 ἐγχειρίδια
1089 3261 1328 3320 ἔκτεινον
1381 3260 1514 3320 ὅκου
1566 3287 1691 3320 τινα
1731 3263 1938 3342 Μάγον
