2267 3517
841 498 1551 574 ‘HPOAOTOY

642 649 1162 722 ἸΣΤΟΡΙΩΝ
1230 651 1739 718 ΤΕΤΑΡΤΗ.

1097 820 1297 849 ...4—

916 947 1463 1004 MEAHOMENH.
1526 931 1537 940 '

426 1049 641 1104 ΜΕΤΑ
686 1042 746 1104 δὲ
789 1042 894 1120 τήν
939 1045 1287 1120 Βαβυλῶνος
1333 1046 1551 1122 αἵρεσιν
1598 1043 1816 1126 ἐγένετο
1858 1041 1951 1102 ε’πῖ
1978 1044 2012 1102 l

346 1130 565 1194 Σκύθας
601 1157 668 1190 av
703 1134 806 1190 τοῦ
838 1131 1079 1207 Δαρείου
1114 1132 1328 1240 ἔλασις.
1398 1129 1673 1218 ἀνθεύσης
1699 1131 1813 1239 γάρ
1846 1133 1949 1207 τῆς

343 1215 544 1292 Ἀσίης
579 1216 817 1295 ἀνδράσι
857 1219 948 1276 καὶ
987 1219 1299 1298 χρημάτων
1326 1211 1592 1299 μεγαλων
1629 1217 1947 1287 συνιόντων,

347 1304 734 1382 ἐπεθύμησε“
702 1331 734 1364 ο
773 1309 1008 1382 Δαρεῖος
1037 1306 1313 1367 τίσασθαι
1355 1306 1662 1377 Σκύθας,”
1630 1332 1717 1366 οτι
1753 1309 1951 1366 ἐκεῖνοι

346 1390 608 1468 πρότεροι
637 1392 1040 1468 ἐσβαλόντες’
1014 1419 1069 1455 ες
1093 1392 1199 1469 τήν
1218 1393 1479 1470 Μηδικήν
1506 1393 1598 1452 καὶ
1623 1392 1950 1470 νικήσαντες

345 1477 505 1558 μάχῃ
535 1505 667 1543 τους
699 1479 1086 1557 ἀντιουμένους
1115 1479 1370 1557 ύπῆρξαν
1407 1480 1638 1558 ἀδικίης
1704 1485 1805 1556 τῆς
1836 1479 1949 1561 γάρ

345 1565 458 1626 ἅνω
502 1565 702 1644 Ἀσίης
744 1567 936 1645 ἦρξαν,
990 1567 1059 1632 ὥς
1106 1569 1200 1627 καὶ
1253 1567 1526 1646 πρότερόν
1571 1594 1671 1645 μοι
1696 1570 1947 1645 εἴρηται,

347 1654 561 1719 Σκύθαι
585 1657 708 1716 ἔτεα
736 1656 878 1716 δυῶν
897 1655 1093 1716 δέοντα
1118 1655 1436 1732 τριήκοντα·
1470 1657 1815 1734 Κιμμερίους
1832 1681 1944 1735 γαρ

347 1743 724 1808 ἐπιδιώκοντες
745 1745 1109 1820 ἐσέβαλον-ἔς
1127 1743 1233 1819 τήν
1257 1742 1477 1820 Ἀσίην,
1495 1743 1953 1806 καταπαύσαντες

344 1835 447 1907 τῆς
482 1831 660 1911 ἀρχῆς
703 1832 954 1907 Μήδους·
999 1829 1154 1892 οὗτοι
1185 1831 1294 1913 γάρ
1327 1833 1459 1910 πρὶν
1495 1829 1533 1907 ἢ
1568 1831 1785 1897 Σκύθας
1821 1829 1945 1890 cim·

347 1918 550 1978 κέσθαι
573 1919 751 1998 ἦρχον
775 1922 877 1994 τῆς
901 1918 1120 1996 Ἀσίης.

428 2005 571 2068 Τοῧς
607 2006 668 2064 δὲ
704 2005 924 2071 Σκύθας
953 2005 1429 2084 ἀποδημήσαντας
1463 2005 1608 2067 ὄκτῶ
1638 2005 1733 2077 καὶ
1770 2005 1951 2064 εἴκοσι

351 2092 493 2163 ἔτεα,
543 2094 636 2151 καὶ
682 2093 774 2152 διαὶ
824 2093 1032 2172 χρόνου
1076 2095 1355 2156 τοσούτου
1408 2093 1698 2157 κατιόντας
1743 2097 1798 2156 ἐς
1847 2092 1953 2167 τὴν

348 2181 650 2256 σφετέρην,
678 2181 962 2251 ἐξεδέξατο
997 2180 1097 2242 οὔκ
1136 2182 1400 2243 ἐλάσσων
1430 2182 1601 2245 πόνος
1633 2184 1733 2240 τοῦ
1770 2179 1951 2256 Μηδι-

350 2271 470 2327 κοῦ·
499 2264 659 2345 εὗρον
676 2268 786 2349 γάρ
807 2267 1168 2347 ἀντιουμένην
1188 2276 1301 2348 σφι
1315 2269 1587 2347 στρατιὴν
1609 2267 1709 2328 οὐκ
1731 2267 1950 2348 ὀλίγην·

348 2358 408 2415 αἶ
450 2355 562 2437 γάρ
606 2360 717 2416 τῶν
759 2357 1015 2421 Σκυθέων
1055 2362 1326 2439 γυναῖκες,
1373 2358 1443 2422 ὥς
1497 2365 1609 2433 σφι
1658 2360 1711 2416 οἳ,
1760 2355 1951 2433 ἄνδρες

348 2442 580 2519 ἀπῆσαν
597 2443 803 2522 χρόνον
823 2444 1064 2516 πολλὰν,
1088 2447 1345 2520 ἐφοίτεον
1365 2443 1518 2524 παρά
1545 2444 1674 2508 τούς
1702 2443 1952 2507 δούλους.

348 2530 492 2594 Tafis·
532 2531 592 2590 δὲ
635 2531 868 2595 δούλους
908 2536 963 2592 οἶ
1004 2533 1215 2598 Σκύθαι
1255 2532 1468 2596 πάντας
1508 2537 1814 2608 τυφλοῦσι,
1856 2536 1958 2592 τοῦ
1984 2534 2021 2590 2
2075 2597 2089 2608 ὁ

347 2618 631 2698 γάλακτος
663 2620 866 2680 εἵνεκεν
892 2625 994 2680 τοῦ
1031 2622 1275 2694 πίνουσι,
1302 2624 1586 2684 ποιεῦντες
1622 2619 1743 2679 ὦδε·
1787 2618 1956 2679 ἐπεάν

349 2711 681 2783 φυσητῆρας
727 2707 958 2784 λάβωσι
1005 2707 1291 2772 ὀστεΐνους
1344 2708 1575 2768 αὐλοῖσι
1626 2712 1953 2785 προσεμφε-

347 2794 668 2870 ρεστάτους,
703 2795 931 2858 τούτους
972 2796 1228 2859 ἐσθέντες
1268 2801 1323 2860 ἐς
1361 2800 1472 2857 τῶν
1512 2796 1730 2873 θηλέων
1772 2797 1955 2855 ἵππων

347 2880 421 2940 τοὶ
452 2880 634 2959 ἅρθρα
668 2887 900 2958 φυσῶσι
933 2887 1088 2943 τοῖσι
1127 2883 1401 2961 στόμασι·
1442 2883 1614 2942 ἄλλοι
1650 2883 1727 2953 δὲ,
1759 2881 1951 2940 ἄλλων

352 2969 695 3044 φυσεόντων,
725 2969 1059 3051 ἀμέλγουσι·
1101 2972 1278 3052 (φασὶ
1306 2972 1364 3031 δὲ
1392 2971 1555 3031 τοῦδε
1582 2970 1763 3030 εἵνεκα
1785 2972 1955 3028 τοῦτο

348 3058 573 3127 ποιέειν,
599 3061 700 3118 τοῦ
725 3059 825 3122 τάς
852 3061 1081 3135 φλέβας
1106 3084 1171 3119 τε
1195 3059 1565 3136 πίμπλασθαι
1592 3056 1954 3133 φυσεωμένας

349 3148 452 3220 τῆς
493 3146 666 3205 ἵππου
707 3148 799 3205 καὶ
831 3145 897 3207 r&
926 3145 1098 3223 οὖθαρ
1126 3147 1461 3226 κατίεσθαι)
1504 3144 1672 3204 ἐπεοὶν
1697 3143 1757 3202 δὲ
1781 3141 1954 3219 ἀμέλ-

351 3231 492 3302 ξωσι
517 3234 585 3294 τὰ
610 3234 780 3316 γάλα,
810 3235 1103 3314 ἐσχέαντες
1132 3239 1187 3297 ἐς
1215 3233 1412 3304 ξύλινα
1437 3231 1645 3312 ἀγγήῖα
1672 3234 1839 3290 κοῖλα
1865 3229 1957 3288 καὶ

350 3323 768 3400 περιστίξαντες
788 3323 930 3382 κατὰ
949 3321 1020 3381 wi
1041 3321 1253 3400 ἀγγήῖα
1270 3320 1400 3382 τούς
1416 3317 1685 3394 τυφλούς,
1702 3317 1959 3378 δονέουσι
