<?xml version="1.0" encoding="UTF-8"?>
<!DOCTYPE html PUBLIC "-//W3C//DTD XHTML 1.0 Transitional//EN"
    "http://www.w3.org/TR/xhtml1/DTD/xhtml1-transitional.dtd">
<html xmlns="http://www.w3.org/1999/xhtml" xml:lang="en" lang="en">
 <head>
  <title>
</title>
<meta http-equiv="Content-Type" content="text/html;charset=utf-8" />
  <meta name='ocr-system' content='tesseract 3.04.00' />
  <meta name='ocr-capabilities' content='ocr_page ocr_carea ocr_par ocr_line ocrx_word'/>
</head>
<body>
  <div class='ocr_page' id='page_1' title='image "./herodotus05blakgoog_0087.png"; bbox 0 0 2267 3517; ppageno 0'>
   <div class='ocr_carea' id='block_1_1' title="bbox 305 152 2081 3393">
    <p class='ocr_par' dir='ltr' id='par_1_1' title="bbox 305 152 2081 3393">
     <span class='ocr_line' id='line_1_1' title="bbox 377 152 1975 223; baseline -0.001 -14"><span class='ocrx_word' id='word_1_1' title='bbox 377 157 658 223; x_wconf 51' lang='grc' dir='ltr'>ιιι-156]</span> <span class='ocrx_word' id='word_1_2' title='bbox 1068 156 1297 208; x_wconf 69' lang='lat' dir='ltr'>mmm.</span> <span class='ocrx_word' id='word_1_3' title='bbox 1911 152 1975 208; x_wconf 80' lang='lat'>7⁷</span> 
     </span>
     <span class='ocr_line' id='line_1_2' title="bbox 375 232 1977 317; baseline -0.003 -19"><span class='ocrx_word' id='word_1_4' title='bbox 375 236 582 308; x_wconf 76' lang='grc' dir='ltr'>οἴκασι,</span> <span class='ocrx_word' id='word_1_5' title='bbox 633 234 942 317; x_wconf 87' lang='grc' dir='ltr'>πρήγματα</span> <span class='ocrx_word' id='word_1_6' title='bbox 992 238 1331 316; x_wconf 78' lang='grc' dir='ltr'>παρέχοντες</span> <span class='ocrx_word' id='word_1_7' title='bbox 1383 236 1477 296; x_wconf 87' lang='grc' dir='ltr'>καὶ</span> <span class='ocrx_word' id='word_1_8' title='bbox 1528 234 1691 297; x_wconf 80' lang='grc' dir='ltr'>αὑτοὶ</span> <span class='ocrx_word' id='word_1_9' title='bbox 1742 232 1977 310; x_wconf 75' lang='grc' dir='ltr'>ἔχοντες.</span> 
     </span>
     <span class='ocr_line' id='line_1_3' title="bbox 376 322 1980 403; baseline -0.002 -18"><span class='ocrx_word' id='word_1_10' title='bbox 376 324 668 403; x_wconf 80' lang='grc' dir='ltr'>φροντίζω,</span> <span class='ocrx_word' id='word_1_11' title='bbox 702 324 783 401; x_wconf 76' lang='grc' dir='ltr'>μή</span> <span class='ocrx_word' id='word_1_12' title='bbox 817 323 1052 402; x_wconf 77' lang='grc' dir='ltr'>ἄριστον</span> <span class='ocrx_word' id='word_1_13' title='bbox 1087 322 1126 403; x_wconf 82' lang='grc' dir='ltr'><strong><em>ᾖ</em></strong></span> <span class='ocrx_word' id='word_1_14' title='bbox 1163 324 1749 403; x_wconf 79' lang='grc' dir='ltr'>ἐξανδραποδίσασθαί</span> <span class='ocrx_word' id='word_1_15' title='bbox 1776 326 1980 396; x_wconf 87' lang='grc' dir='ltr'>σφεας.</span> 
     </span>
     <span class='ocr_line' id='line_1_4' title="bbox 376 408 1985 495; baseline -0.003 -21"><span class='ocrx_word' id='word_1_16' title='bbox 376 414 578 491; x_wconf 79' lang='grc' dir='ltr'>ὁμοίως</span> <span class='ocrx_word' id='word_1_17' title='bbox 611 412 722 494; x_wconf 82' lang='grc' dir='ltr'>γάρ</span> <span class='ocrx_word' id='word_1_18' title='bbox 758 438 858 489; x_wconf 91' lang='grc' dir='ltr'>μοι</span> <span class='ocrx_word' id='word_1_19' title='bbox 894 418 992 473; x_wconf 83' lang='grc' dir='ltr'>νῦν</span> <span class='ocrx_word' id='word_1_20' title='bbox 1015 438 1085 495; x_wconf 93' lang='grc' dir='ltr'>γε</span> <span class='ocrx_word' id='word_1_21' title='bbox 1122 414 1399 490; x_wconf 85' lang='grc' dir='ltr'>φαίνομαι</span> <span class='ocrx_word' id='word_1_22' title='bbox 1430 413 1805 488; x_wconf 79' lang='grc' dir='ltr'>πεποιηκέναι,</span> <span class='ocrx_word' id='word_1_23' title='bbox 1835 408 1906 473; x_wconf 76' lang='grc' dir='ltr'>ὦς</span> <span class='ocrx_word' id='word_1_24' title='bbox 1933 409 1985 470; x_wconf 81' lang='grc' dir='ltr'>εἴ</span> 
     </span>
     <span class='ocr_line' id='line_1_5' title="bbox 375 500 1981 578; baseline -0.001 -16"><span class='ocrx_word' id='word_1_25' title='bbox 375 527 460 566; x_wconf 88' lang='grc' dir='ltr'>τις</span> <span class='ocrx_word' id='word_1_26' title='bbox 491 501 708 578; x_wconf 88' lang='grc' dir='ltr'>πατέρα</span> <span class='ocrx_word' id='word_1_27' title='bbox 743 500 1073 564; x_wconf 76' lang='grc' dir='ltr'>ἀποκτείνας</span> <span class='ocrx_word' id='word_1_28' title='bbox 1105 506 1219 561; x_wconf 77' lang='grc' dir='ltr'>τῶν</span> <span class='ocrx_word' id='word_1_29' title='bbox 1248 501 1457 561; x_wconf 83' lang='grc' dir='ltr'>παίδων</span> <span class='ocrx_word' id='word_1_30' title='bbox 1484 500 1657 562; x_wconf 80' lang='grc' dir='ltr'>αὑτοῦ</span> <span class='ocrx_word' id='word_1_31' title='bbox 1696 501 1981 576; x_wconf 84' lang='grc' dir='ltr'>φείσαιτο·</span> 
     </span>
     <span class='ocr_line' id='line_1_6' title="bbox 377 587 1983 669; baseline 0 -21"><span class='ocrx_word' id='word_1_32' title='bbox 377 588 449 653; x_wconf 73' lang='grc' dir='ltr'>ὥς</span> <span class='ocrx_word' id='word_1_33' title='bbox 473 589 534 650; x_wconf 81' lang='grc' dir='ltr'>δὲ</span> <span class='ocrx_word' id='word_1_34' title='bbox 559 590 652 648; x_wconf 87' lang='grc' dir='ltr'>καὶ</span> <span class='ocrx_word' id='word_1_35' title='bbox 677 588 786 669; x_wconf 72' lang='grc' dir='ltr'>ἐγὼ</span> <span class='ocrx_word' id='word_1_36' title='bbox 804 588 1000 649; x_wconf 78' lang='grc' dir='ltr'>Λυδῶν</span> <span class='ocrx_word' id='word_1_37' title='bbox 1017 588 1116 650; x_wconf 77' lang='grc' dir='ltr'>τᾶν</span> <span class='ocrx_word' id='word_1_38' title='bbox 1136 591 1240 667; x_wconf 81' lang='grc' dir='ltr'>μὲν</span> <span class='ocrx_word' id='word_1_39' title='bbox 1255 590 1431 649; x_wconf 83' lang='grc' dir='ltr'>πλέον</span> <span class='ocrx_word' id='word_1_40' title='bbox 1444 613 1500 648; x_wconf 89' lang='grc' dir='ltr'>τι</span> <span class='ocrx_word' id='word_1_41' title='bbox 1524 587 1562 664; x_wconf 83' lang='grc' dir='ltr'>ἦ</span> <span class='ocrx_word' id='word_1_42' title='bbox 1590 589 1805 666; x_wconf 81' lang='grc' dir='ltr'>πατέρα</span> <span class='ocrx_word' id='word_1_43' title='bbox 1822 587 1983 648; x_wconf 87' lang='grc' dir='ltr'>ἐόντα</span> 
     </span>
     <span class='ocr_line' id='line_1_7' title="bbox 377 673 1981 757; baseline -0.001 -21"><span class='ocrx_word' id='word_1_44' title='bbox 377 678 447 736; x_wconf 78' lang='grc' dir='ltr'>σὲ</span> <span class='ocrx_word' id='word_1_45' title='bbox 482 674 684 754; x_wconf 76' lang='grc' dir='ltr'>λαβιόν</span> <span class='ocrx_word' id='word_1_46' title='bbox 709 674 844 757; x_wconf 83' lang='grc' dir='ltr'>ἀγω,</span> <span class='ocrx_word' id='word_1_47' title='bbox 871 673 1098 737; x_wconf 86' lang='grc' dir='ltr'>αὑτοῖσι</span> <span class='ocrx_word' id='word_1_48' title='bbox 1133 676 1195 736; x_wconf 81' lang='grc' dir='ltr'>δὲ</span> <span class='ocrx_word' id='word_1_49' title='bbox 1225 677 1466 737; x_wconf 81' lang='grc' dir='ltr'>Λυδοῖσι</span> <span class='ocrx_word' id='word_1_50' title='bbox 1488 676 1593 753; x_wconf 77' lang='grc' dir='ltr'>τὴν</span> <span class='ocrx_word' id='word_1_51' title='bbox 1619 676 1789 736; x_wconf 87' lang='grc' dir='ltr'>πόλιν</span> <span class='ocrx_word' id='word_1_52' title='bbox 1814 676 1981 753; x_wconf 85' lang='grc' dir='ltr'>παρέ-</span> 
     </span>
     <span class='ocr_line' id='line_1_8' title="bbox 377 763 1984 842; baseline 0.001 -19"><span class='ocrx_word' id='word_1_53' title='bbox 377 764 543 824; x_wconf 87' lang='grc' dir='ltr'>δωκα·</span> <span class='ocrx_word' id='word_1_54' title='bbox 585 766 680 824; x_wconf 88' lang='grc' dir='ltr'>καὶ</span> <span class='ocrx_word' id='word_1_55' title='bbox 715 766 904 825; x_wconf 81' lang='grc' dir='ltr'>ἔπειτα</span> <span class='ocrx_word' id='word_1_56' title='bbox 938 764 1173 841; x_wconf 78' lang='grc' dir='ltr'>θωμάζω</span> <span class='ocrx_word' id='word_1_57' title='bbox 1206 765 1259 823; x_wconf 80' lang='grc' dir='ltr'>εἶ</span> <span class='ocrx_word' id='word_1_58' title='bbox 1290 790 1391 842; x_wconf 88' lang='grc' dir='ltr'>μοι</span> <span class='ocrx_word' id='word_1_59' title='bbox 1425 763 1714 825; x_wconf 72' lang='grc' dir='ltr'>ἀπεστᾶσι</span> <span class='ocrx_word' id='word_1_60' title='bbox 1733 764 1780 834; x_wconf 84' lang='grc'>;”</span> <span class='ocrx_word' id='word_1_61' title='bbox 1821 763 1854 823; x_wconf 81' lang='grc' dir='ltr'>ὅ</span> <span class='ocrx_word' id='word_1_62' title='bbox 1878 766 1984 841; x_wconf 76' lang='grc' dir='ltr'>μὲν</span> 
     </span>
     <span class='ocr_line' id='line_1_9' title="bbox 377 850 1985 933; baseline 0.002 -21"><span class='ocrx_word' id='word_1_63' title='bbox 377 851 448 928; x_wconf 73' lang='grc' dir='ltr'>δή</span> <span class='ocrx_word' id='word_1_64' title='bbox 476 852 549 912; x_wconf 84' lang='grc' dir='ltr'>τά</span> <span class='ocrx_word' id='word_1_65' title='bbox 580 878 688 930; x_wconf 85' lang='grc' dir='ltr'>περ</span> <span class='ocrx_word' id='word_1_66' title='bbox 719 852 840 913; x_wconf 86' lang='grc' dir='ltr'>νόεε</span> <span class='ocrx_word' id='word_1_67' title='bbox 874 854 1052 933; x_wconf 61' lang='grc' dir='ltr'>ἔλεγε·</span> <span class='ocrx_word' id='word_1_68' title='bbox 1094 853 1127 912; x_wconf 84' lang='grc' dir='ltr'>ὁ</span> <span class='ocrx_word' id='word_1_69' title='bbox 1160 850 1208 911; x_wconf 78' lang='grc' dir='ltr'>δ’</span> <span class='ocrx_word' id='word_1_70' title='bbox 1244 851 1521 929; x_wconf 86' lang='grc' dir='ltr'>ἀμείβετο</span> <span class='ocrx_word' id='word_1_71' title='bbox 1550 852 1760 923; x_wconf 88' lang='grc' dir='ltr'>τοῖσδε,</span> <span class='ocrx_word' id='word_1_72' title='bbox 1794 852 1985 915; x_wconf 78' lang='grc' dir='ltr'>δείσας</span> 
     </span>
     <span class='ocr_line' id='line_1_10' title="bbox 377 938 1987 1020; baseline -0.001 -20"><span class='ocrx_word' id='word_1_73' title='bbox 377 940 460 1019; x_wconf 77' lang='grc' dir='ltr'>μὴ</span> <span class='ocrx_word' id='word_1_74' title='bbox 487 939 834 1004; x_wconf 71' lang='grc' dir='ltr'>ἀναστάτους</span> <span class='ocrx_word' id='word_1_75' title='bbox 867 940 1084 1020; x_wconf 82' lang='grc' dir='ltr'>ποιήσῃ</span> <span class='ocrx_word' id='word_1_76' title='bbox 1107 940 1209 1003; x_wconf 76' lang='grc' dir='ltr'>τὰς</span> <span class='ocrx_word' id='word_1_77' title='bbox 1236 940 1455 1017; x_wconf 77' lang='grc' dir='ltr'>Σάρδις·</span> <span class='ocrx_word' id='word_1_78' title='bbox 1498 950 1533 975; x_wconf 87' lang='grc'><strong>“</strong></span> <span class='ocrx_word' id='word_1_79' title='bbox 1551 938 1594 1000; x_wconf 77' lang='grc' dir='ltr'><strong><em>ὦ</em></strong></span> <span class='ocrx_word' id='word_1_80' title='bbox 1619 941 1887 1018; x_wconf 83' lang='grc' dir='ltr'>βασιλεῦ,</span> <span class='ocrx_word' id='word_1_81' title='bbox 1912 939 1987 1000; x_wconf 78' lang='grc' dir='ltr'>τιὶ</span> 
     </span>
     <span class='ocr_line' id='line_1_11' title="bbox 379 1027 1979 1106; baseline -0.001 -17"><span class='ocrx_word' id='word_1_82' title='bbox 379 1032 484 1105; x_wconf 77' lang='grc' dir='ltr'>μὲν</span> <span class='ocrx_word' id='word_1_83' title='bbox 511 1028 702 1089; x_wconf 81' lang='grc' dir='ltr'>οἰκότα</span> <span class='ocrx_word' id='word_1_84' title='bbox 731 1030 967 1106; x_wconf 79' lang='grc' dir='ltr'>εἴρηκας·</span> <span class='ocrx_word' id='word_1_85' title='bbox 1011 1027 1085 1088; x_wconf 74' lang='grc' dir='ltr'>σι)</span> <span class='ocrx_word' id='word_1_86' title='bbox 1110 1028 1305 1106; x_wconf 82' lang='grc' dir='ltr'>μέντοι</span> <span class='ocrx_word' id='word_1_87' title='bbox 1330 1027 1411 1104; x_wconf 77' lang='grc' dir='ltr'>μὴ</span> <span class='ocrx_word' id='word_1_88' title='bbox 1436 1027 1621 1089; x_wconf 79' lang='grc' dir='ltr'>πάντα</span> <span class='ocrx_word' id='word_1_89' title='bbox 1643 1028 1797 1106; x_wconf 72' lang='grc' dir='ltr'>θυμῷ</span> <span class='ocrx_word' id='word_1_90' title='bbox 1815 1029 1979 1106; x_wconf 83' lang='grc' dir='ltr'>χρέω,</span> 
     </span>
     <span class='ocr_line' id='line_1_12' title="bbox 377 1114 1977 1196; baseline -0.001 -19"><span class='ocrx_word' id='word_1_91' title='bbox 377 1116 519 1194; x_wconf 79' lang='grc' dir='ltr'>μηδὲ</span> <span class='ocrx_word' id='word_1_92' title='bbox 554 1116 725 1177; x_wconf 86' lang='grc' dir='ltr'>πόλιν</span> <span class='ocrx_word' id='word_1_93' title='bbox 755 1114 996 1196; x_wconf 84' lang='grc' dir='ltr'>ἀρχαίην</span> <span class='ocrx_word' id='word_1_94' title='bbox 1033 1115 1420 1194; x_wconf 73' lang='grc' dir='ltr'>ἐξαναστήσῃς</span> <span class='ocrx_word' id='word_1_95' title='bbox 1442 1114 1834 1193; x_wconf 78' lang='grc' dir='ltr'>ἀναμάρτητον</span> <span class='ocrx_word' id='word_1_96' title='bbox 1861 1120 1977 1175; x_wconf 63' lang='lat' dir='ltr'><strong>eoi?-</strong></span> 
     </span>
     <span class='ocr_line' id='line_1_13' title="bbox 379 1201 1980 1281; baseline -0.001 -17"><span class='ocrx_word' id='word_1_97' title='bbox 379 1228 493 1264; x_wconf 91' lang='grc' dir='ltr'>σαν</span> <span class='ocrx_word' id='word_1_98' title='bbox 516 1204 610 1263; x_wconf 83' lang='grc' dir='ltr'>καὶ</span> <span class='ocrx_word' id='word_1_99' title='bbox 635 1208 746 1264; x_wconf 75' lang='grc' dir='ltr'>τῶν</span> <span class='ocrx_word' id='word_1_100' title='bbox 770 1204 1044 1281; x_wconf 84' lang='grc' dir='ltr'>πρότερον</span> <span class='ocrx_word' id='word_1_101' title='bbox 1064 1204 1159 1263; x_wconf 79' lang='grc' dir='ltr'>καὶ</span> <span class='ocrx_word' id='word_1_102' title='bbox 1183 1207 1293 1263; x_wconf 73' lang='grc' dir='ltr'>τῶν</span> <span class='ocrx_word' id='word_1_103' title='bbox 1319 1207 1419 1263; x_wconf 79' lang='grc' dir='ltr'>νῦν</span> <span class='ocrx_word' id='word_1_104' title='bbox 1444 1202 1745 1264; x_wconf 75' lang='grc' dir='ltr'>ἑστεώτων·</span> <span class='ocrx_word' id='word_1_105' title='bbox 1785 1201 1856 1262; x_wconf 80' lang='grc' dir='ltr'>τά</span> <span class='ocrx_word' id='word_1_106' title='bbox 1875 1204 1980 1281; x_wconf 75' lang='grc' dir='ltr'>μὲν</span> 
     </span>
     <span class='ocr_line' id='line_1_14' title="bbox 377 1290 1985 1374; baseline -0.001 -22"><span class='ocrx_word' id='word_1_107' title='bbox 377 1290 490 1373; x_wconf 72' lang='grc' dir='ltr'>γὰρ</span> <span class='ocrx_word' id='word_1_108' title='bbox 530 1290 801 1368; x_wconf 87' lang='grc' dir='ltr'>πρότερον</span> <span class='ocrx_word' id='word_1_109' title='bbox 834 1291 942 1374; x_wconf 77' lang='grc' dir='ltr'>ἐγώ</span> <span class='ocrx_word' id='word_1_110' title='bbox 979 1317 1044 1352; x_wconf 87' lang='grc' dir='ltr'>τε</span> <span class='ocrx_word' id='word_1_111' title='bbox 1079 1291 1307 1368; x_wconf 79' lang='grc' dir='ltr'>ἔπρηξα,</span> <span class='ocrx_word' id='word_1_112' title='bbox 1341 1292 1435 1350; x_wconf 87' lang='grc' dir='ltr'>καὶ</span> <span class='ocrx_word' id='word_1_113' title='bbox 1468 1290 1575 1373; x_wconf 65' lang='grc' dir='ltr'>ἐγώ</span> <span class='ocrx_word' id='word_1_114' title='bbox 1610 1294 1719 1370; x_wconf 77' lang='grc' dir='ltr'>ἐμῇ</span> <span class='ocrx_word' id='word_1_115' title='bbox 1760 1294 1985 1369; x_wconf 76' lang='grc' dir='ltr'>κεφαλῇ</span> 
     </span>
     <span class='ocr_line' id='line_1_15' title="bbox 379 1377 1985 1459; baseline -0.001 -21"><span class='ocrx_word' id='word_1_116' title='bbox 379 1378 667 1457; x_wconf 75' lang='grc' dir='ltr'>ἀναμάξας</span> <span class='ocrx_word' id='word_1_117' title='bbox 701 1380 874 1457; x_wconf 80' lang='grc' dir='ltr'>φέρω·</span> <span class='ocrx_word' id='word_1_118' title='bbox 921 1380 994 1439; x_wconf 75' lang='grc' dir='ltr'>τὰ</span> <span class='ocrx_word' id='word_1_119' title='bbox 1025 1380 1086 1439; x_wconf 82' lang='grc' dir='ltr'>δὲ</span> <span class='ocrx_word' id='word_1_120' title='bbox 1124 1384 1223 1439; x_wconf 78' lang='grc' dir='ltr'>νῦν</span> <span class='ocrx_word' id='word_1_121' title='bbox 1252 1379 1546 1457; x_wconf 87' lang='grc' dir='ltr'>παρεόντα,</span> <span class='ocrx_word' id='word_1_122' title='bbox 1579 1377 1845 1455; x_wconf 77' lang='grc' dir='ltr'>Πακτῦης</span> <span class='ocrx_word' id='word_1_123' title='bbox 1873 1378 1985 1459; x_wconf 77' lang='grc' dir='ltr'>γάρ</span> 
     </span>
     <span class='ocr_line' id='line_1_16' title="bbox 305 1463 1983 1547; baseline -0.001 -20"><span class='ocrx_word' id='word_1_124' title='bbox 305 1532 310 1535; x_wconf 64' lang='grc'>,</span> <span class='ocrx_word' id='word_1_125' title='bbox 379 1471 504 1529; x_wconf 78' lang='grc' dir='ltr'>ἐστι</span> <span class='ocrx_word' id='word_1_126' title='bbox 529 1466 570 1528; x_wconf 75' lang='grc' dir='ltr'>ὁ</span> <span class='ocrx_word' id='word_1_127' title='bbox 605 1466 832 1528; x_wconf 85' lang='grc' dir='ltr'>ἀδικέων</span> <span class='ocrx_word' id='word_1_128' title='bbox 856 1470 934 1547; x_wconf 76' lang='grc' dir='ltr'>τῷ</span> <span class='ocrx_word' id='word_1_129' title='bbox 964 1466 1040 1527; x_wconf 69' lang='lat' dir='ltr'>m)</span> <span class='ocrx_word' id='word_1_130' title='bbox 1075 1467 1381 1545; x_wconf 79' lang='grc' dir='ltr'>ἐπέτρεψας</span> <span class='ocrx_word' id='word_1_131' title='bbox 1408 1464 1626 1545; x_wconf 77' lang='grc' dir='ltr'>Σάρδις,</span> <span class='ocrx_word' id='word_1_132' title='bbox 1655 1463 1815 1530; x_wconf 76' lang='grc' dir='ltr'>οὗτος</span> <span class='ocrx_word' id='word_1_133' title='bbox 1842 1465 1983 1527; x_wconf 83' lang='grc' dir='ltr'>δότω</span> 
     </span>
     <span class='ocr_line' id='line_1_17' title="bbox 374 1553 1987 1636; baseline -0.002 -19"><span class='ocrx_word' id='word_1_134' title='bbox 374 1582 466 1617; x_wconf 89' lang='grc' dir='ltr'>τοι</span> <span class='ocrx_word' id='word_1_135' title='bbox 491 1555 667 1632; x_wconf 88' lang='grc' dir='ltr'>δίκην.</span> <span class='ocrx_word' id='word_1_136' title='bbox 724 1556 964 1617; x_wconf 82' lang='grc' dir='ltr'>Λυδοῖσι</span> <span class='ocrx_word' id='word_1_137' title='bbox 989 1555 1048 1615; x_wconf 73' lang='grc' dir='ltr'>δὲ</span> <span class='ocrx_word' id='word_1_138' title='bbox 1074 1555 1414 1636; x_wconf 80' lang='grc' dir='ltr'>συγγνώμην</span> <span class='ocrx_word' id='word_1_139' title='bbox 1439 1556 1579 1634; x_wconf 78' lang='grc' dir='ltr'>ἔχων</span> <span class='ocrx_word' id='word_1_140' title='bbox 1601 1553 1735 1615; x_wconf 81' lang='grc' dir='ltr'>τάδε</span> <span class='ocrx_word' id='word_1_141' title='bbox 1763 1553 1987 1615; x_wconf 81' lang='grc' dir='ltr'>αὑτοῖσι</span> 
     </span>
     <span class='ocr_line' id='line_1_18' title="bbox 376 1641 1982 1721; baseline -0.001 -16"><span class='ocrx_word' id='word_1_142' title='bbox 376 1645 655 1715; x_wconf 78' lang='grc' dir='ltr'>ἐπίταξον,</span> <span class='ocrx_word' id='word_1_143' title='bbox 693 1642 764 1707; x_wconf 76' lang='grc' dir='ltr'>ὥς</span> <span class='ocrx_word' id='word_1_144' title='bbox 800 1644 946 1721; x_wconf 84' lang='grc' dir='ltr'>μήτε</span> <span class='ocrx_word' id='word_1_145' title='bbox 985 1642 1312 1703; x_wconf 75' lang='grc' dir='ltr'>ἀποστέωσι</span> <span class='ocrx_word' id='word_1_146' title='bbox 1341 1641 1486 1720; x_wconf 88' lang='grc' dir='ltr'>μήτε</span> <span class='ocrx_word' id='word_1_147' title='bbox 1512 1642 1684 1703; x_wconf 87' lang='grc' dir='ltr'>δεινοί</span> <span class='ocrx_word' id='word_1_148' title='bbox 1715 1668 1805 1703; x_wconf 91' lang='grc' dir='ltr'>τοι</span> <span class='ocrx_word' id='word_1_149' title='bbox 1832 1643 1982 1703; x_wconf 84' lang='grc' dir='ltr'>ἔωσι·</span> 
     </span>
     <span class='ocr_line' id='line_1_19' title="bbox 376 1728 1985 1809; baseline -0.001 -17"><span class='ocrx_word' id='word_1_150' title='bbox 376 1731 580 1793; x_wconf 79' lang='grc' dir='ltr'>ἄπειπε</span> <span class='ocrx_word' id='word_1_151' title='bbox 617 1733 724 1808; x_wconf 90' lang='grc' dir='ltr'>μέν</span> <span class='ocrx_word' id='word_1_152' title='bbox 762 1738 876 1809; x_wconf 85' lang='grc' dir='ltr'>σφι</span> <span class='ocrx_word' id='word_1_153' title='bbox 914 1731 1145 1808; x_wconf 82' lang='grc' dir='ltr'>πέμψας</span> <span class='ocrx_word' id='word_1_154' title='bbox 1182 1728 1337 1790; x_wconf 82' lang='grc' dir='ltr'>ὅπλα</span> <span class='ocrx_word' id='word_1_155' title='bbox 1376 1729 1545 1809; x_wconf 81' lang='grc' dir='ltr'>ἀρήϊα</span> <span class='ocrx_word' id='word_1_156' title='bbox 1576 1730 1657 1807; x_wconf 78' lang='grc' dir='ltr'>μὴ</span> <span class='ocrx_word' id='word_1_157' title='bbox 1695 1731 1985 1806; x_wconf 71' lang='grc' dir='ltr'>ἐκτῆσθαι·</span> 
     </span>
     <span class='ocr_line' id='line_1_20' title="bbox 377 1817 1989 1896; baseline -0.001 -16"><span class='ocrx_word' id='word_1_158' title='bbox 377 1822 571 1881; x_wconf 88' lang='grc' dir='ltr'>κέλευε</span> <span class='ocrx_word' id='word_1_159' title='bbox 605 1821 667 1880; x_wconf 90' lang='grc' dir='ltr'>δέ</span> <span class='ocrx_word' id='word_1_160' title='bbox 701 1825 888 1896; x_wconf 86' lang='grc' dir='ltr'>σφεας</span> <span class='ocrx_word' id='word_1_161' title='bbox 921 1818 1160 1882; x_wconf 79' lang='grc' dir='ltr'>κιθῶνάς</span> <span class='ocrx_word' id='word_1_162' title='bbox 1192 1842 1255 1878; x_wconf 90' lang='grc' dir='ltr'>τε</span> <span class='ocrx_word' id='word_1_163' title='bbox 1293 1817 1582 1878; x_wconf 72' lang='grc' dir='ltr'>ὑποδύνειν</span> <span class='ocrx_word' id='word_1_164' title='bbox 1605 1821 1760 1878; x_wconf 89' lang='grc' dir='ltr'>τοῖσι</span> <span class='ocrx_word' id='word_1_165' title='bbox 1795 1819 1989 1896; x_wconf 79' lang='grc' dir='ltr'>εἵμασι</span> 
     </span>
     <span class='ocr_line' id='line_1_21' title="bbox 379 1904 1986 1987; baseline -0.001 -20"><span class='ocrx_word' id='word_1_166' title='bbox 379 1909 472 1967; x_wconf 86' lang='grc' dir='ltr'>καὶ</span> <span class='ocrx_word' id='word_1_167' title='bbox 498 1908 797 1987; x_wconf 86' lang='grc' dir='ltr'>κοθόρνους</span> <span class='ocrx_word' id='word_1_168' title='bbox 815 1907 1175 1968; x_wconf 83' lang='grc' dir='ltr'>ὑποδέεσθαι·</span> <span class='ocrx_word' id='word_1_169' title='bbox 1203 1905 1437 1983; x_wconf 86' lang='grc' dir='ltr'>πρόειπε</span> <span class='ocrx_word' id='word_1_170' title='bbox 1462 1905 1509 1965; x_wconf 87' lang='grc' dir='ltr'>δ’</span> <span class='ocrx_word' id='word_1_171' title='bbox 1528 1904 1750 1967; x_wconf 78' lang='grc' dir='ltr'>αὑτοῖσι</span> <span class='ocrx_word' id='word_1_172' title='bbox 1776 1907 1986 1984; x_wconf 87' lang='grc' dir='ltr'>κιθαρί-</span> 
     </span>
     <span class='ocr_line' id='line_1_22' title="bbox 379 1992 1984 2073; baseline -0.001 -19"><span class='ocrx_word' id='word_1_173' title='bbox 379 1996 493 2065; x_wconf 83' lang='grc' dir='ltr'>ζειν</span> <span class='ocrx_word' id='word_1_174' title='bbox 524 2021 588 2057; x_wconf 87' lang='grc' dir='ltr'>τε</span> <span class='ocrx_word' id='word_1_175' title='bbox 629 1997 722 2055; x_wconf 83' lang='grc' dir='ltr'>καὶ</span> <span class='ocrx_word' id='word_1_176' title='bbox 761 1995 1007 2073; x_wconf 77' lang='grc' dir='ltr'>ψάλλειν</span> <span class='ocrx_word' id='word_1_177' title='bbox 1039 1995 1132 2054; x_wconf 81' lang='grc' dir='ltr'>καὶ</span> <span class='ocrx_word' id='word_1_178' title='bbox 1173 1992 1509 2069; x_wconf 78' lang='grc' dir='ltr'>καπηλεύειν</span> <span class='ocrx_word' id='word_1_179' title='bbox 1544 1992 1824 2053; x_wconf 79' lang='grc' dir='ltr'>παιδεύειν</span> <span class='ocrx_word' id='word_1_180' title='bbox 1852 1993 1984 2057; x_wconf 76' lang='grc' dir='ltr'>τούς</span> 
     </span>
     <span class='ocr_line' id='line_1_23' title="bbox 379 2078 1987 2161; baseline 0.001 -22"><span class='ocrx_word' id='word_1_181' title='bbox 379 2082 601 2146; x_wconf 88' lang='grc' dir='ltr'>παῖδας·</span> <span class='ocrx_word' id='word_1_182' title='bbox 643 2084 735 2142; x_wconf 83' lang='grc' dir='ltr'>καὶ</span> <span class='ocrx_word' id='word_1_183' title='bbox 759 2083 971 2161; x_wconf 86' lang='grc' dir='ltr'>ταχέως</span> <span class='ocrx_word' id='word_1_184' title='bbox 996 2083 1199 2159; x_wconf 86' lang='grc' dir='ltr'>σφέας,</span> <span class='ocrx_word' id='word_1_185' title='bbox 1228 2079 1271 2140; x_wconf 78' lang='grc' dir='ltr'><strong><em>ὦ</em></strong></span> <span class='ocrx_word' id='word_1_186' title='bbox 1295 2083 1563 2158; x_wconf 82' lang='grc' dir='ltr'>βασιλεῦ,</span> <span class='ocrx_word' id='word_1_187' title='bbox 1588 2084 1853 2161; x_wconf 86' lang='grc' dir='ltr'>γυναῖκας</span> <span class='ocrx_word' id='word_1_188' title='bbox 1870 2078 1987 2141; x_wconf 85' lang='grc' dir='ltr'>ἀντ’</span> 
     </span>
     <span class='ocr_line' id='line_1_24' title="bbox 382 2167 1983 2252; baseline 0.002 -26"><span class='ocrx_word' id='word_1_189' title='bbox 382 2167 593 2247; x_wconf 74' lang='grc' dir='ltr'>ἀνδρῶν</span> <span class='ocrx_word' id='word_1_190' title='bbox 617 2168 784 2247; x_wconf 80' lang='grc' dir='ltr'>ὄψεαι</span> <span class='ocrx_word' id='word_1_191' title='bbox 817 2170 1139 2252; x_wconf 83' lang='grc' dir='ltr'>γεγονότας,</span> <span class='ocrx_word' id='word_1_192' title='bbox 1166 2170 1311 2230; x_wconf 83' lang='grc' dir='ltr'>ὥστε</span> <span class='ocrx_word' id='word_1_193' title='bbox 1338 2167 1496 2229; x_wconf 79' lang='grc' dir='ltr'>οὐδὲν</span> <span class='ocrx_word' id='word_1_194' title='bbox 1522 2168 1695 2227; x_wconf 88' lang='grc' dir='ltr'>δεινοί</span> <span class='ocrx_word' id='word_1_195' title='bbox 1712 2192 1802 2227; x_wconf 91' lang='grc' dir='ltr'>τοι</span> <span class='ocrx_word' id='word_1_196' title='bbox 1829 2168 1983 2229; x_wconf 83' lang='grc' dir='ltr'>ἔσον-</span> 
     </span>
     <span class='ocr_line' id='line_1_25' title="bbox 379 2254 2081 2336; baseline 0.001 -21"><span class='ocrx_word' id='word_1_197' title='bbox 379 2280 474 2315; x_wconf 90' lang='grc' dir='ltr'>ται</span> <span class='ocrx_word' id='word_1_198' title='bbox 496 2257 578 2334; x_wconf 83' lang='grc' dir='ltr'>μὴ</span> <span class='ocrx_word' id='word_1_199' title='bbox 604 2256 978 2318; x_wconf 81' lang='grc' dir='ltr'>ἀποστέωσι.”</span> <span class='ocrx_word' id='word_1_200' title='bbox 1032 2262 1286 2336; x_wconf 85' lang='grc' dir='ltr'>Κροῖσος</span> <span class='ocrx_word' id='word_1_201' title='bbox 1308 2258 1413 2334; x_wconf 78' lang='grc' dir='ltr'>μὲν</span> <span class='ocrx_word' id='word_1_202' title='bbox 1438 2254 1507 2332; x_wconf 77' lang='grc' dir='ltr'><strong><em>δὴ</em></strong></span> <span class='ocrx_word' id='word_1_203' title='bbox 1532 2254 1710 2316; x_wconf 80' lang='grc' dir='ltr'>ταῦτα’.</span> <span class='ocrx_word' id='word_1_204' title='bbox 1736 2258 1791 2315; x_wconf 77' lang='grc' dir='ltr'>οἱ</span> <span class='ocrx_word' id='word_1_205' title='bbox 1815 2254 1944 2317; x_wconf 91' lang='grc' dir='ltr'>ὑπε-</span> <span class='ocrx_word' id='word_1_206' title='bbox 1965 2258 2081 2317; x_wconf 83' lang='grc'>156</span> 
     </span>
     <span class='ocr_line' id='line_1_26' title="bbox 379 2341 1987 2425; baseline 0.001 -23"><span class='ocrx_word' id='word_1_207' title='bbox 379 2344 582 2417; x_wconf 85' lang='grc' dir='ltr'>τίθετο,</span> <span class='ocrx_word' id='word_1_208' title='bbox 610 2345 943 2425; x_wconf 68' lang='grc' dir='ltr'>αἱρετώτερα</span> <span class='ocrx_word' id='word_1_209' title='bbox 965 2350 1145 2407; x_wconf 85' lang='grc' dir='ltr'>ταῦτα</span> <span class='ocrx_word' id='word_1_210' title='bbox 1170 2344 1439 2423; x_wconf 83' lang='grc' dir='ltr'>εὑρίσκων</span> <span class='ocrx_word' id='word_1_211' title='bbox 1461 2344 1703 2405; x_wconf 81' lang='grc' dir='ltr'>Λυδοῖσι</span> <span class='ocrx_word' id='word_1_212' title='bbox 1726 2341 1765 2420; x_wconf 85' lang='grc' dir='ltr'>ἢ</span> <span class='ocrx_word' id='word_1_213' title='bbox 1790 2343 1987 2423; x_wconf 86' lang='grc' dir='ltr'>ἀνδρα-</span> 
     </span>
     <span class='ocr_line' id='line_1_27' title="bbox 379 2430 1989 2511; baseline 0.001 -20"><span class='ocrx_word' id='word_1_214' title='bbox 379 2430 750 2498; x_wconf 87' lang='grc' dir='ltr'>ποδισθέντας</span> <span class='ocrx_word' id='word_1_215' title='bbox 788 2435 1070 2511; x_wconf 79' lang='grc' dir='ltr'>πρηθῆναι</span> <span class='ocrx_word' id='word_1_216' title='bbox 1116 2434 1321 2510; x_wconf 83' lang='grc' dir='ltr'>σφέας·</span> <span class='ocrx_word' id='word_1_217' title='bbox 1376 2432 1747 2509; x_wconf 77' lang='grc' dir='ltr'>ἐπιστάμενος</span> <span class='ocrx_word' id='word_1_218' title='bbox 1786 2432 1874 2493; x_wconf 85' lang='grc' dir='ltr'>ὅτι</span> <span class='ocrx_word' id='word_1_219' title='bbox 1917 2431 1989 2509; x_wconf 83' lang='grc' dir='ltr'>ἢν</span> 
     </span>
     <span class='ocr_line' id='line_1_28' title="bbox 377 2518 1985 2601; baseline 0.001 -20"><span class='ocrx_word' id='word_1_220' title='bbox 377 2518 460 2594; x_wconf 75' lang='grc' dir='ltr'><em>μή</em></span> <span class='ocrx_word' id='word_1_221' title='bbox 486 2520 788 2601; x_wconf 79' lang='grc' dir='ltr'>ἀξιόχρεων</span> <span class='ocrx_word' id='word_1_222' title='bbox 818 2521 1114 2600; x_wconf 85' lang='grc' dir='ltr'>πρόφασιν</span> <span class='ocrx_word' id='word_1_223' title='bbox 1137 2522 1418 2600; x_wconf 86' lang='grc' dir='ltr'>προτείνῃ,</span> <span class='ocrx_word' id='word_1_224' title='bbox 1445 2520 1545 2581; x_wconf 81' lang='grc' dir='ltr'>οὑκ</span> <span class='ocrx_word' id='word_1_225' title='bbox 1570 2519 1862 2581; x_wconf 86' lang='grc' dir='ltr'>ἀναπείσει</span> <span class='ocrx_word' id='word_1_226' title='bbox 1885 2546 1985 2598; x_wconf 88' lang='grc' dir='ltr'>μιν</span> 
     </span>
     <span class='ocr_line' id='line_1_29' title="bbox 377 2606 1989 2687; baseline 0.002 -22"><span class='ocrx_word' id='word_1_227' title='bbox 377 2610 972 2685; x_wconf 82' lang='grc' dir='ltr'>μεταβουλεύσασθαι,</span> <span class='ocrx_word' id='word_1_228' title='bbox 1000 2607 1287 2687; x_wconf 86' lang='grc' dir='ltr'>ἀρρωδέων</span> <span class='ocrx_word' id='word_1_229' title='bbox 1311 2610 1372 2669; x_wconf 83' lang='grc' dir='ltr'>δὲ</span> <span class='ocrx_word' id='word_1_230' title='bbox 1395 2608 1477 2686; x_wconf 77' lang='grc' dir='ltr'>μὴ</span> <span class='ocrx_word' id='word_1_231' title='bbox 1495 2609 1588 2669; x_wconf 84' lang='grc' dir='ltr'>καὶ</span> <span class='ocrx_word' id='word_1_232' title='bbox 1605 2606 1842 2687; x_wconf 75' lang='grc' dir='ltr'>ὕστερόν</span> <span class='ocrx_word' id='word_1_233' title='bbox 1862 2633 1989 2669; x_wconf 87' lang='grc' dir='ltr'>κοτε</span> 
     </span>
     <span class='ocr_line' id='line_1_30' title="bbox 381 2695 1990 2775; baseline 0.004 -22"><span class='ocrx_word' id='word_1_234' title='bbox 381 2696 438 2753; x_wconf 79' lang='grc' dir='ltr'>οἳ</span> <span class='ocrx_word' id='word_1_235' title='bbox 481 2697 672 2769; x_wconf 82' lang='grc' dir='ltr'>Λυδοὶ,</span> <span class='ocrx_word' id='word_1_236' title='bbox 713 2696 784 2774; x_wconf 87' lang='grc' dir='ltr'>ἦν</span> <span class='ocrx_word' id='word_1_237' title='bbox 822 2695 890 2758; x_wconf 79' lang='grc' dir='ltr'><strong><em>τό</em></strong></span> <span class='ocrx_word' id='word_1_238' title='bbox 931 2696 1144 2775; x_wconf 82' lang='grc' dir='ltr'>παρεόν</span> <span class='ocrx_word' id='word_1_239' title='bbox 1185 2695 1597 2774; x_wconf 81' lang='grc' dir='ltr'>ὑπεκδράμωσι,</span> <span class='ocrx_word' id='word_1_240' title='bbox 1640 2695 1990 2759; x_wconf 78' lang='grc' dir='ltr'>ἀποστάντες</span> 
     </span>
     <span class='ocr_line' id='line_1_31' title="bbox 381 2780 1990 2863; baseline 0.004 -22"><span class='ocrx_word' id='word_1_241' title='bbox 381 2780 498 2844; x_wconf 80' lang='grc' dir='ltr'>ἀπό</span> <span class='ocrx_word' id='word_1_242' title='bbox 531 2789 640 2846; x_wconf 75' lang='grc' dir='ltr'>τῶν</span> <span class='ocrx_word' id='word_1_243' title='bbox 676 2786 948 2862; x_wconf 89' lang='grc' dir='ltr'>Περσέων</span> <span class='ocrx_word' id='word_1_244' title='bbox 983 2784 1322 2845; x_wconf 86' lang='grc' dir='ltr'>ἀπόλωνται.</span> <span class='ocrx_word' id='word_1_245' title='bbox 1393 2788 1583 2862; x_wconf 83' lang='grc' dir='ltr'>Κῦρος</span> <span class='ocrx_word' id='word_1_246' title='bbox 1607 2784 1667 2843; x_wconf 82' lang='grc' dir='ltr'>δὲ</span> <span class='ocrx_word' id='word_1_247' title='bbox 1690 2782 1886 2859; x_wconf 79' lang='grc' dir='ltr'>ἡσθεὶς</span> <span class='ocrx_word' id='word_1_248' title='bbox 1916 2787 1990 2863; x_wconf 76' lang='grc' dir='ltr'>τῇ</span> 
     </span>
     <span class='ocr_line' id='line_1_32' title="bbox 381 2868 1983 2953; baseline 0 -22"><span class='ocrx_word' id='word_1_249' title='bbox 381 2868 654 2952; x_wconf 81' lang='grc' dir='ltr'>ὑποθήκῃ,</span> <span class='ocrx_word' id='word_1_250' title='bbox 699 2874 792 2932; x_wconf 82' lang='grc' dir='ltr'>καὶ</span> <span class='ocrx_word' id='word_1_251' title='bbox 830 2872 988 2936; x_wconf 82' lang='grc' dir='ltr'>ὑπεὶς</span> <span class='ocrx_word' id='word_1_252' title='bbox 1029 2876 1131 2947; x_wconf 84' lang='grc' dir='ltr'>τῆς</span> <span class='ocrx_word' id='word_1_253' title='bbox 1174 2871 1363 2953; x_wconf 81' lang='grc' dir='ltr'>ὀργῆς,</span> <span class='ocrx_word' id='word_1_254' title='bbox 1412 2872 1523 2947; x_wconf 82' lang='grc' dir='ltr'>ἔφη</span> <span class='ocrx_word' id='word_1_255' title='bbox 1569 2870 1628 2931; x_wconf 79' lang='grc' dir='ltr'>οἶ</span> <span class='ocrx_word' id='word_1_256' title='bbox 1666 2872 1983 2932; x_wconf 87' lang='grc' dir='ltr'>πείθεσθαι.</span> 
     </span>
     <span class='ocr_line' id='line_1_33' title="bbox 382 2958 1988 3037; baseline -0.001 -19"><span class='ocrx_word' id='word_1_257' title='bbox 382 2959 646 3023; x_wconf 85' lang='grc' dir='ltr'>καλέσας·</span> <span class='ocrx_word' id='word_1_258' title='bbox 668 2960 729 3019; x_wconf 80' lang='grc' dir='ltr'>δὲ</span> <span class='ocrx_word' id='word_1_259' title='bbox 763 2960 1037 3037; x_wconf 80' lang='grc' dir='ltr'>Μαζάρεα</span> <span class='ocrx_word' id='word_1_260' title='bbox 1069 2959 1244 3037; x_wconf 81' lang='grc' dir='ltr'>ἄνδρα</span> <span class='ocrx_word' id='word_1_261' title='bbox 1270 2959 1488 3035; x_wconf 87' lang='grc' dir='ltr'>Μῆδον,</span> <span class='ocrx_word' id='word_1_262' title='bbox 1514 2958 1691 3020; x_wconf 82' lang='grc' dir='ltr'>ταῦτα’.</span> <span class='ocrx_word' id='word_1_263' title='bbox 1716 2961 1771 3018; x_wconf 80' lang='grc' dir='ltr'>οἱ</span> <span class='ocrx_word' id='word_1_264' title='bbox 1798 2958 1988 3019; x_wconf 84' lang='grc' dir='ltr'>ἐνετεί-</span> 
     </span>
     <span class='ocr_line' id='line_1_34' title="bbox 381 3044 1986 3126; baseline -0.003 -19"><span class='ocrx_word' id='word_1_265' title='bbox 381 3051 528 3109; x_wconf 87' lang='grc' dir='ltr'>λατο</span> <span class='ocrx_word' id='word_1_266' title='bbox 569 3051 859 3126; x_wconf 88' lang='grc' dir='ltr'>προειπεῖν</span> <span class='ocrx_word' id='word_1_267' title='bbox 896 3048 1138 3107; x_wconf 85' lang='grc' dir='ltr'>Λυδοῖσι</span> <span class='ocrx_word' id='word_1_268' title='bbox 1176 3046 1249 3107; x_wconf 78' lang='grc' dir='ltr'>τά</span> <span class='ocrx_word' id='word_1_269' title='bbox 1294 3046 1327 3107; x_wconf 81' lang='grc' dir='ltr'>ὁ</span> <span class='ocrx_word' id='word_1_270' title='bbox 1368 3049 1622 3123; x_wconf 86' lang='grc' dir='ltr'>Κροῖσος</span> <span class='ocrx_word' id='word_1_271' title='bbox 1672 3044 1986 3105; x_wconf 87' lang='grc' dir='ltr'>ὑπετίθετο·</span> 
     </span>
     <span class='ocr_line' id='line_1_35' title="bbox 385 3130 1995 3215; baseline -0.003 -19"><span class='ocrx_word' id='word_1_272' title='bbox 385 3137 480 3196; x_wconf 88' lang='grc' dir='ltr'>καὶ</span> <span class='ocrx_word' id='word_1_273' title='bbox 504 3136 662 3215; x_wconf 74' lang='grc' dir='ltr'>πρὸς,</span> <span class='ocrx_word' id='word_1_274' title='bbox 690 3135 1272 3213; x_wconf 80' lang='grc' dir='ltr'>ἐξανδραποδίσασθαι</span> <span class='ocrx_word' id='word_1_275' title='bbox 1294 3133 1425 3197; x_wconf 77' lang='grc' dir='ltr'>τούς</span> <span class='ocrx_word' id='word_1_276' title='bbox 1462 3130 1676 3194; x_wconf 78' lang='grc' dir='ltr'>ἄλλους</span> <span class='ocrx_word' id='word_1_277' title='bbox 1699 3130 1909 3192; x_wconf 79' lang='grc' dir='ltr'>πάντας</span> <span class='ocrx_word' id='word_1_278' title='bbox 1939 3132 1995 3191; x_wconf 77' lang='grc' dir='ltr'>οἳ</span> 
     </span>
     <span class='ocr_line' id='line_1_36' title="bbox 384 3214 1997 3303; baseline -0.006 -16"><span class='ocrx_word' id='word_1_279' title='bbox 384 3224 532 3303; x_wconf 70' lang='grc' dir='ltr'>μετὰ</span> <span class='ocrx_word' id='word_1_280' title='bbox 577 3224 774 3286; x_wconf 77' lang='grc' dir='ltr'>Λυδῶν</span> <span class='ocrx_word' id='word_1_281' title='bbox 817 3223 911 3283; x_wconf 82' lang='grc' dir='ltr'>ἐπὶ</span> <span class='ocrx_word' id='word_1_282' title='bbox 960 3222 1166 3301; x_wconf 81' lang='grc' dir='ltr'>Σάρδις</span> <span class='ocrx_word' id='word_1_283' title='bbox 1207 3218 1667 3299; x_wconf 80' lang='grc' dir='ltr'>ἐστρατεύσαντο,</span> <span class='ocrx_word' id='word_1_284' title='bbox 1712 3214 1881 3289; x_wconf 75' lang='grc' dir='ltr'>αὑτὸν</span> <span class='ocrx_word' id='word_1_285' title='bbox 1933 3216 1997 3277; x_wconf 72' lang='grc' dir='ltr'>δὲ</span> 
     </span>
     <span class='ocr_line' id='line_1_37' title="bbox 385 3301 1761 3393; baseline -0.009 -18"><span class='ocrx_word' id='word_1_286' title='bbox 385 3314 658 3393; x_wconf 81' lang='grc' dir='ltr'>Πακτύην</span> <span class='ocrx_word' id='word_1_287' title='bbox 680 3311 900 3377; x_wconf 79' lang='grc' dir='ltr'>πάντως</span> <span class='ocrx_word' id='word_1_288' title='bbox 923 3311 1104 3384; x_wconf 79' lang='grc' dir='ltr'>ζῶντα</span> <span class='ocrx_word' id='word_1_289' title='bbox 1128 3307 1361 3391; x_wconf 84' lang='grc' dir='ltr'>ἀγαγεῖν</span> <span class='ocrx_word' id='word_1_290' title='bbox 1383 3304 1516 3371; x_wconf 76' lang='grc' dir='ltr'>παρ’</span> <span class='ocrx_word' id='word_1_291' title='bbox 1544 3301 1761 3364; x_wconf 77' lang='grc' dir='ltr'>ἑωυτόν.</span> 
     </span>
    </p>
   </div>
  </div>
 </body>
</html>
