2267 3517
306 126 403 171 120
900 124 1268 173 ΗΡοΔοτοτ
1803 124 1901 187 m.

308 200 517 277 ὁρέων,
533 202 624 261 καὶ
646 206 748 263 τοῦ
774 201 1009 279 οὐρανοῦ
1042 206 1117 281 τῇ
1152 204 1256 280 μὲν
1280 206 1378 262 νῦν
1408 201 1441 263 ὁ
1472 203 1684 279 βορέης
1718 228 1784 263 τε
1809 204 1902 264 καὶ

312 288 345 348 ὁ
369 288 578 366 χειμῶν
619 292 823 349 ἐστᾶσι
860 288 1034 367 ταύτῃ
1066 290 1169 366 μὲν
1199 294 1300 349 τοῦ
1336 287 1498 349 νότου
1527 288 1597 364 ἦν
1626 288 1665 364 ἦ
1696 290 1902 355 στάσις

306 376 399 434 καὶ
422 379 523 449 τῆς
546 376 925 453 μεσαμβρίης,
950 381 1022 455 τῇ
1048 375 1169 435 δὲ’
1134 402 1167 435 ο
1195 376 1355 439 νότος
1380 380 1476 435 νῦν
1503 376 1703 451 ἔστηκε
1725 381 1902 457 ταῦτῃ

307 460 376 536 δὴ
402 461 434 521 ὁ
458 464 683 539 βορέης,
714 467 962 543 εἰ-ταῦτα
988 462 1129 523 οὕτω
1158 464 1289 542 εἶχε,
1318 462 1350 522 ὁ
1375 462 1537 539 ἥλιος
1563 462 1632 523 ἂν
1658 462 1899 525 ἀπελαυ·

304 548 531 626 νόμενος
558 554 618 608 ἐκ
645 549 825 627 μέσου
850 554 951 610 τοῦ
985 550 1223 629 οὐρανοῦ
1247 550 1356 610 ὖπό
1386 554 1487 609 τοῦ
1511 554 1782 630 χειμῶνος
1807 553 1900 612 καὶ

304 641 404 697 τοῦ
429 638 614 715 βορέω
638 636 727 713 ἤϊε
750 635 915 697 ἂντά
946 636 1057 699 ἅνω
1086 642 1188 714 τῆς
1217 636 1504 715 Εὐρώπης,
1531 637 1775 715 κατάπερ
1801 644 1901 701 νῦν

302 728 405 799 τῆς
430 724 651 801 Λιβύης
683 726 941 804 ἔρχεται·,
961 724 1232 796 διεξιόντα
1268 726 1313 784 δ’
1351 724 1421 785 ἄν
1450 751 1547 802 μιν
1581 723 1672 785 διιὶ1
1709 726 1898 804 πάσης

302 810 585 888 Εὐρώπης,
610 814 853 890 ἔλπομαι
877 813 1085 873 ποιέειν
1110 811 1180 871 ἂν
1204 812 1304 873 τόν
1318 811 1548 889 Ἴστρον
1573 812 1645 873 τά
1669 839 1774 892 περ
1800 818 1898 875 νῦν

208 898 283 959 27
303 899 588 979 ἐργάζεται
618 899 717 961 τᾶν
749 904 980 961 Νεῖλον.
1062 904 1175 976 Τῆς
1191 898 1368 977 αὔρης
1403 899 1463 959 δὲ
1492 901 1636 977 πέρι,
1673 899 1762 961 ὅτι
1796 902 1896 963 οὐκ

300 986 579 1062 ἀποπνέει,
606 987 770 1064 τήνδε
794 988 914 1067 -ἔχω
948 987 1190 1070 γνώμην,
1220 987 1290 1051 ῶς
1321 986 1496 1064 κάρτα
1531 986 1644 1048 ἀπὸ
1681 988 1896 1067 θερμῶν

300 1076 521 1153 χωρέων
546 1075 645 1135 οὔκ
671 1074 820 1139 οἰκός
846 1082 969 1136 ἐστι
996 1076 1156 1136 οὐδὲν
1181 1074 1493 1137 ἀποπνέειν·
1530 1074 1672 1154 αὔρη
1698 1076 1757 1135 δὲ
1780 1077 1894 1139 ἀπό

300 1167 518 1241 ψυχροῦ
541 1189 691 1227 τινος
717 1165 903 1239 φιλέει
928 1164 1129 1224 πνέειν.

204 1250 281 1308 28
380 1254 568 1311 Ταῦτα
618 1252 724 1328 μέν
776 1277 873 1317 νυν
913 1253 1055 1312 ἔστω
1096 1250 1169 1315 ῶς
1209 1253 1332 1312 ἔστι
1369 1277 1434 1313 τε
1465 1252 1565 1310 ’καὶ
1605 1251 1677 1315 ὥς
1717 1252 1896 1331 ἀρχὴν

302 1338 537 1417 ἐγένετο.
618 1342 718 1398 τοῦ
756 1337 816 1397 δὲ
846 1340 1060 1398 Νείλου
1090 1337 1191 1402 τὰς
1220 1337 1404 1420 πηγὰς
1431 1338 1555 1399 οὔτε
1582 1342 1897 1419 Αἰγυπτίων

300 1423 427 1484 οὔτε
452 1424 682 1501 Λιβύων
710 1424 835 1487 οὔτε
858 1424 1150 1500 Ἑλλήνων
1174 1430 1285 1485 τῶν
1317 1427 1442 1503 ἐμοὶ
1471 1425 1816 1503 ἀπικομένων
1841 1433 1896 1491 ἐς

296 1510 501 1591 λόγους
527 1510 703 1574 οὐδεὶς
726 1510 1007 1590 ὑπέσχετο
1035 1512 1249 1583 εἰδέναι,
1279 1517 1326 1572 εἰ
1350 1512 1431 1590 μή
1461 1518 1520 1573 ἐν
1544 1512 1806 1594 Αἰγύπτῳ
1834 1520 1893 1583 ἐν

298 1598 405 1662 Σάῖ
440 1598 577 1659 πόλι
618 1597 650 1657 ὁ
684 1598 1114 1679 γραμματιστής
1150 1604 1262 1660 τῶν
1299 1604 1429 1677 ἱρῶν
1459 1600 1759 1679 χρημάτων
1791 1607 1893 1679 τῆς

295 1684 609 1761 Ἀθηναίης·
653 1683 814 1749 οὗτος
850 1685 896 1745 δ’
930 1688 1059 1764 ἐμοί
1083 1712 1152 1767 γε
1181 1689 1397 1759 παίζειν
1436 1688 1618 1749 ἐδόκεε
1644 1689 1914 1766 φάμενος·

297 1774 495 1833 εἰδέναι
520 1772 802 1851 ἀτρεκέως.
880 1775 1037 1855 ἔλεγε
1064 1774 1123 1833 δὲ
1149 1772 1273 1835 ὦδε·
1315 1776 1496 1836 “εἶναι
1522 1775 1620 1836 δύο
1646 1775 1809 1855 οὔρεα
1835 1783 1891 1842 ἐς

292 1860 389 1931 6ξύ
414 1860 515 1924 τοὶς
540 1860 788 1939 κορυφᾶς
813 1860 1107 1943 ἀπιγμένα,
1133 1862 1343 1939 μεταξι)
1365 1863 1579 1940 Συήνης
1602 1890 1665 1926 τε
1689 1864 1890 1931 πόλιος

294 1951 516 2028 κείμενα
553 1954 655 2027 τῆς
694 1950 978 2027 Θηβαΐδος
1018 1951 1110 2010 καὶ
1143 1950 1564 2028 Ἐλεφαντίνης·
1606 1951 1888 2030 οὐνόματα

293 2038 353 2099 δὲ
386 2038 523 2098 εἶναι
561 2042 715 2099 τοῖσι
757 2037 965 2117 οὔρεσι,
991 2038 1069 2118 τῷ
1106 2040 1212 2116 μὲν
1241 2043 1448 2117 Κρῶφι
1485 2042 1562 2117 τῷ
1601 2040 1660 2098 δὲ
1686 2045 1884 2117 Μῶφι·

284 2126 385 2190 τοὶς
411 2126 485 2187 ὧν
520 2126 590 2204 δή
631 2126 817 2208 πηγὰς
845 2131 947 2187 τοῦ
982 2128 1216 2197 Νείλου,
1251 2126 1451 2191 ἐούσας
1483 2126 1795 2203 ἀβύσσους,
1825 2134 1886 2189 ἐκ

285 2219 387 2274 τοῦ
437 2215 617 2291 μέσου
668 2217 779 2274 τῶν
820 2213 1021 2291 οὐρέων
1059 2214 1267 2274 τούτων
1305 2216 1468 2291 ῥέειν·
1525 2215 1631 2287 ’καὶ
1676 2214 1742 2276 τό
1781 2219 1886 2293 μὲν

287 2300 464 2376 ἥμισυ
487 2305 586 2361 τοῦ
606 2300 803 2363 ὕδατος
824 2300 907 2359 ἐπ’
924 2300 1212 2381 Αἰγύπτου
1227 2302 1372 2378 ῥέειν
1399 2301 1490 2361 καὶ
1515 2301 1655 2379 πρός
1672 2305 1885 2381 βορέην

289 2386 507 2463 ἄνεμον,
548 2387 614 2447 τό
658 2387 703 2447 δ’
747 2389 932 2465 ἕτερον
982 2387 1177 2464 ἥμισυ,
1221 2389 1314 2447 ἐπὶ
1353 2390 1650 2465 Αἰθιοπίης
1686 2416 1749 2451 τε
1791 2392 1884 2451 καὶ

287 2474 468 2536 νότου·
511 2474 582 2537 ὥς
622 2475 681 2534 δὲ
720 2474 981 2551 ἄβυσσοί
1017 2480 1127 2536 εἰσι
1168 2479 1228 2535 αἱ
1266 2478 1460 2559 πηγαὶ,
1504 2482 1559 2541 ἐς
1599 2477 1884 2558 διάπειραν

288 2564 400 2639 ἔφη
438 2562 637 2623 τούτου
678 2564 1033 2641 Ψαμμίτιχον
1074 2563 1360 2645 Αἰγύπτου
1399 2566 1655 2640 βασιλέα
1696 2566 1883 2626 ἀπικέ-

283 2651 439 2713 σθαι·
480 2650 740 2711 πολλέων
764 2649 875 2730 γιὶρ
901 2648 1070 2711 aia-dv
1095 2650 1364 2731 χιλιάδων
1389 2652 1652 2733 ὀργυιέων
1678 2653 1880 2724 πλεξά-

288 2765 457 2815 μενον
496 2738 671 2799 κάλον
712 2741 953 2798 κατεῖναι
990 2738 1184 2817 ταύτῃ,
1233 2741 1326 2799 καὶ
1365 2738 1466 2799 οὐκ
1506 2741 1788 2811 ἐξικέσθαι
1828 2747 1884 2807 ἐς

286 2825 567 2904 βυσσόν.”
646 2825 788 2887 οὕτω
831 2827 936 2902 μὲν
989 2825 1058 2901 δὴ
1098 2826 1131 2886 ὅ
1171 2828 1617 2907 γραμματιστής,
1663 2829 1734 2908 (εἰ
1773 2828 1882 2907 ἄρα

283 2918 457 2975 ταῦτα
481 2914 753 2994 γενόμενα
789 2912 987 2993 ἔλεγε,)
1013 2912 1305 2989 ἀπέφαινε,
1335 2912 1405 2977 ὥς
1438 2916 1535 2992 ἐμὲ
1570 2916 1883 2976 κατανοέειν

278 3002 428 3066 δίνας
464 3000 619 3064 τινοῖς
656 3000 829 3079 ταύτῃ
871 2999 1071 3063 ἐούσας
1113 3001 1348 3079 ἰσχυροῖς
1388 3003 1480 3060 καὶ
1519 3003 1876 3080 παλιρροίην·

278 3090 369 3152 οἶα
420 3090 481 3149 δὲ
524 3087 914 3166 ἐμβάλλοντος
963 3092 1065 3147 τοῦ
1115 3087 1314 3153 ὕδατος
1364 3093 1518 3150 τοῖσι
1563 3088 1754 3166 οὔρεσι
1794 3095 1880 3165 μή

276 3176 562 3245 δύνασθαι,
618 3175 941 3251 κατιεμένην
993 3178 1491 3254 καταπειρητηρίην
1545 3182 1599 3240 ἐς
1648 3176 1880 3252 βυσσόν

186 3263 262 3321 29
284 3264 437 3325 ἰέναι.
505 3263 731 3324 Ἀλλου
756 3260 816 3321 δὲ
843 3260 1061 3325 οὗδενός
1096 3261 1254 3324 οὐδὲν
1286 3264 1556 3336 ἐδυνάμην
1581 3262 1839 3325 πυθέσθα

1991 3014 2010 3040 I
