2267 3517
367 136 586 201 81—84]
1037 135 1307 188 eAAEIA.
1870 140 1970 188 243

363 245 430 278 τε
453 222 628 288 νικᾶν,
658 223 713 281 ἐς
739 218 906 296 ἔχθεα
931 216 1158 300 μεγαλα
1184 216 1499 293 ἀλλήλοισι
1530 216 1883 278 ἀπικνέονται
1910 219 1974 290 ἐξ

365 303 444 366 ὦν
468 305 702 369 στάσιες
728 307 1056 387 ἐγγίνονται,
1085 310 1145 364 ἐκ
1182 304 1244 364 δὲ
1267 309 1379 364 τῶν
1404 305 1655 365 στασίων
1692 304 1937 416 φόνος,’
1909 331 1971 366 εκ

366 393 428 452 δὲ
464 396 566 452 τοῦ
609 392 795 504 φόνου
827 391 1018 469 απέβη
1061 397 1116 455 ἐς
1155 392 1516 471 μουναρχίην·
1568 393 1659 450 καὶ
1700 396 1758 452 ἐν
1796 392 1972 474 τούτῳ

365 479 642 549 διέδεξε”
609 505 728 539 οσω
770 481 894 540 ἐστὶ
932 484 1098 540 τοῦτο
1140 478 1392 555 ἄριστον.
1475 478 1654 558 δήμου
1682 504 1743 539 τε
1774 505 1843 540 αυ
1878 478 1970 557 ἅρ-

365 594 581 647 χοντος,
615 541 858 628 οἶδύνατα
888 567 970 645 μή
1004 567 1070 627 οὗ
1104 567 1382 643 κακότητα
1410 569 1751 649 ἐγγίνεσθαι·
1810 567 1971 628 κακό-

367 681 531 731 τητος
556 657 742 716 τοίνυν
767 657 1124 737 ἐγγινομένης
1163 660 1219 718 ἐς
1242 653 1315 714 τοὶ
1346 655 1519 724 κοιναῖ,
1550 657 1717 734 ἔχθεα
1742 658 1845 733 μὲν
1874 655 1973 716 οῦκ

369 745 644 824 ἐγγίνεται
683 747 837 804 τοῖσι
879 747 1103 829 κακοῖσι
1144 744 1335 819 φιλίαι
1374 743 1434 802 δὲ
1476 745 1720 821 ἰσχυραί·
1769 747 1823 803 οἳ.
1862 743 1973 825 γοῖρ

369 835 663 896 κακοῦντες
696 831 770 892 τὰ
807 831 963 891 κοιναῖ
999 831 1385 911 συγκύψαντες
1421 835 1663 892 ποιεῦσι·
1703 835 1870 890 τοῦτο
1912 833 1972 892 δὲ

367 924 590 980 τοιοῦτο
617 921 842 1001 γίνεται,
873 925 928 982 ἐς
953 919 988 978 ὃ
1013 916 1082 979 ἂν
1113 918 1367 996 προστάς
1392 930 1474 982 τις
1510 923 1611 979 τοῦ
1638 917 1819 995 δήμου
1843 919 1973 984 τοῦς

367 1006 650 1071 τοιούτους
675 1007 888 1086 παύσῃ·
933 1012 994 1066 ἐκ
1034 1006 1094 1066 δὲ
1129 1005 1309 1066 αὐτῶν
1341 1006 1682 1082 θωυμάζεται
1714 1004 1875 1069 οὗτος
1901 1006 1971 1083 δη

366 1092 478 1154 ὕπο
525 1100 626 1155 τοῦ
672 1095 870 1171 δήμου·
941 1093 1364 1170 θωυμαζόμενος
1410 1093 1486 1164 δὲ,
1534 1092 1617 1152 α’,ν
1666 1091 1741 1153 ὦν
1787 1093 1969 1202 ἐφάνη

367 1180 683 1261 μούναρχος
709 1181 829 1243 ἐῶν·
873 1182 966 1240 καὶ
997 1186 1056 1242 ἐν
1085 1181 1265 1261 τούτω
1296 1180 1463 1256 δηλοῖ
1493 1181 1585 1240 καὶ
1622 1205 1781 1244 ουτος
1817 1180 1890 1244 ὥς
1927 1207 1966 1257 η

369 1272 682 1349 μουναρχίη
735 1268 1050 1346 κράτιστον.
1137 1268 1217 1329 ἐνὶ
1269 1269 1330 1328 δὲ
1382 1267 1502 1327 ἔπεϊ
1544 1268 1729 1328 πάντα
1770 1272 1986 1328 συλλα-

369 1355 553 1432 βόντα
590 1359 778 1428 εἰπεῖν,
821 1357 984 1419 κόθεν
1014 1357 1153 1433 τῗμῖν
1190 1355 1229 1432 ἦ
1267 1356 1553 1434 ἐλευθερίη
1585 1356 1835 1437 ἐγένετο;
1880 1358 1973 1416 καὶ

368 1448 468 1504 τεῦ
505 1444 728 1510 δόντος·
713 1490 729 1514 ,
802 1444 1000 1522 κότερα
1037 1469 1193 1520 παρα
1233 1443 1428 1520 δήμου,
1469 1441 1508 1519 ἢ
1548 1442 1893 1525 ὀλιγαρχίης,
1935 1443 1974 1521 ἢ

369 1558 722 1611 μουναρχου·
707 1578 723 1601 ,
795 1533 904 1611 ἔχω
941 1533 1127 1592 τοίνυν
1171 1531 1413 1611 γνώμην,
1452 1529 1631 1607 ἤμέας
1683 1533 1974 1609 ἐλευθερω-

371 1621 568 1684 θέντας
587 1620 732 1680 δια
704 1645 799 1679 ενα
824 1619 1012 1696 ἄνδρα,
1032 1645 1100 1679 το
1125 1622 1345 1678 τοιοῦτο
1370 1620 1780 1696 περιστέλλειν·
1808 1621 1976 1698 χωρίς

368 1733 433 1768 τε
458 1709 676 1780 τούτου,
699 1708 972 1785 πατρίους
1003 1707 1205 1783 νόμους
1234 1705 1316 1782 μή
1343 1705 1563 1767 λύεινὟ
1532 1732 1763 1786 εχοντας
1790 1705 1869 1767 εὖ·
1909 1705 1975 1767 οὗ

369 1795 481 1877 γοῖρ
509 1795 786 1874 ἅμεινονῗ

454 1888 682 1961 Γνῶμαι
704 1887 810 1960 μὲν
835 1883 904 1960 δή
933 1887 1081 1961 τρεῖς
1119 1880 1285 1942 αὗται
1318 1881 1642 1960 προεκέατο·
1685 1885 1739 1942 οἶ
1764 1881 1825 1941 δὲ
1850 1882 1974 1942 τέσ-
1994 1885 2071 1943 83

376 1995 539 2046 σερες
578 1976 690 2031 τῶν
731 1971 870 2030 ἐπτοὶ
909 1971 1120 2047 ἀνδρῶν
1159 1972 1504 2047 προσέθεντο
1543 1969 1743 2048 ‘rath-27.-
1819 1968 1893 2031 ὥς
1916 1970 1976 2029 δὲ

377 2057 603 2132 ἑσσώθη
654 2061 728 2134 τῇ
772 2056 964 2136 γνώμῃ
1009 2057 1042 2117 ὁ
1086 2057 1325 2134 Ὀτάνης
1370 2058 1637 2135 Πέρσῃσι
1686 2057 1979 2132 ἰσονομίην

378 2143 630 2203 σπεύδων
683 2147 938 2218 ποιῆσαι,
993 2145 1149 2214 ἔλεξε
1203 2151 1259 2209 ἐς
1311 2145 1491 2222 μέσον
1552 2141 1775 2202 αυτοῖσι
1825 2142 1977 2202 τάδε·

380 2240 417 2265 “
425 2229 615 2307 ἄνδρες
641 2235 969 2302 στασιῶται,
997 2231 1146 2307 δῆλα
1169 2258 1281 2313 γαρ
1309 2231 1446 2308 δη
1414 2257 1502 2292 οτι
1534 2231 1619 2290 δεῖ
1643 2231 1737 2292 ἕνα
1762 2231 1833 2312 γέ
1854 2256 1979 2292 τινα

304 2317 311 2323 ’
375 2317 560 2394 ἧμέων
582 2319 838 2396 βασιλέα
863 2319 1213 2401 γενέσθαι,
1173 2345 1299 2395 ητοι
1334 2319 1521 2399 κλήρω
1545 2345 1613 2400 γε
1646 2318 1913 2398 λαχόντα,
1939 2319 1978 2396 ἢ

379 2407 786 2485 ἐπιτρεψάντων
835 2410 914 2486 τῷ
965 2407 1235 2485 Περσέων
1287 2406 1495 2483 πλήθεϊ
1531 2407 1633 2468 τόν
1673 2405 1743 2468 ἂν
1784 2411 1981 2468 ἐκεῖνοι

381 2494 628 2564 ἕλωνται,
653 2494 690 2571 ἢ
717 2494 868 2573 ἄλλῃ
893 2495 1004 2555 τινὶ
1027 2499 1275 2574 μηχανῇ·
1318 2493 1425 2576 ἐγῶ
1461 2495 1565 2572 μέν
1600 2521 1697 2555 νυν
1721 2495 1852 2572 ὑμῖν
1879 2494 1979 2554 οῦκ

301 2651 304 2657 1
380 2586 790 2663 ἐναγωνιεῦμαι·
833 2581 958 2642 οὔτε
976 2582 1087 2664 γὰρ
1115 2581 1309 2662 ἄρχειν
1328 2581 1455 2642 οὔτε
1482 2581 1760 2663 ἄρχεσθαι
1786 2583 1979 2642 ἐθέλω·

379 2669 472 2728 ἐπὶ
511 2670 688 2749 τούτῳ
727 2669 789 2730 δὲ
826 2670 1203 2747 ὑπεξίσταμαι
1242 2673 1345 2746 τῆς
1383 2669 1577 2748 ἀρχῆς,
1609 2669 1692 2730 ἐπ’
1720 2667 1762 2748 ᾧ
1799 2695 1862 2730 τε
1888 2669 1979 2728 ὑπ’

380 2755 599 2822 οὗδενός
627 2758 812 2836 ὑμέων
841 2757 1097 2836 ἄρξομαι,
1126 2756 1253 2818 οὔτε
1289 2757 1454 2820 αὐτὸς
1490 2758 1597 2840 ἐγώ
1639 2758 1766 2818 οὔτε
1794 2761 1847 2816 οἱ
1886 2757 1982 2816 ἀπ’

380 2848 512 2921 ἐμεῦ
564 2846 672 2905 αἰεὶ
717 2845 1046 2926 γινόμενοι.”
1125 2845 1325 2906 τούτου
1374 2847 1629 2911 εἴπαντος
1674 2849 1866 2923 ταῦτα,
1910 2843 1982 2906 ὥς

379 2932 725 3013 συνεχώρεον
766 2937 819 2992 οἱ
860 2933 922 3003 ἓξ
961 2933 1054 2993 ἐπὶ
1091 2931 1360 3004 τούτοισι,
1418 2931 1578 2996 οὗτος
1615 2935 1719 3010 μὲν
1759 2931 1827 3006 δή
1868 2937 1981 3006 σφι

345 3073 348 3078 .
380 3019 483 3079 οῦκ
520 3022 872 3102 ἐνηγωνίζετο
913 3020 1044 3080 ἀλλ’
1081 3026 1143 3079 ἐκ
1180 3025 1280 3084 τοῦ
1316 3022 1497 3098 μέσου
1540 3021 1804 3094 καθῆστο.
1891 3019 1983 3076 καὶ

380 3113 480 3169 νῦν
521 3109 660 3186 αὕτη
700 3109 738 3186 ἦ
780 3110 922 3186 οἰκίη
964 3109 1233 3168 διατελέει
1286 3109 1463 3186 μούνη
1505 3108 1767 3181 ἐλευθέρη
1809 3108 1983 3164 ἐοῦσα

380 3199 669 3277 Περσέων,
725 3199 817 3257 καὶ
871 3197 1103 3276 ἄρχεται
1152 3201 1405 3257 τοσαῦτα
1457 3194 1569 3254 ὅσα
1621 3190 1759 3266 αῦτή
1812 3192 1980 3264 θέλει,

379 3286 586 3367 νόμους
639 3284 742 3348 οῦκ
793 3284 1221 3365 ὖπερβαίνουσα
1263 3281 1394 3343 τούς
1436 3278 1721 3356 Περσέων.
1805 3280 1881 3336 Οἱ
1921 3277 1983 3338 δὲ
2006 3277 2071 3312 ‘³‘
