2267 3517
287 105 381 152 344
908 101 1274 158 ‘nRvo'row
1295 155 1300 160 ,
1761 101 1893 167 [IV.

460 185 526 232 At
556 185 617 230 τι)
650 184 763 241 ἐμεῦ
782 183 964 244 Λιβύην
984 182 1441 243 μηλοτρόφονοῒδας
1464 183 1656 242 ἄμεινον

456 257 523 314 μὴ
547 256 698 316 ἐλθὼν
732 254 963 311 ἐλθόντος,
1004 253 1129 313 ἄγαν
1165 254 1352 313 ἄγαμαι
1385 256 1558 314 σοφίην
1592 274 1692 304 σευ.

294 338 669 400 Ἀκούσαντες
696 337 755 395 δὲ
772 336 979 396 τούτων
998 340 1050 394 οἱ
1067 335 1217 413 ἀμφὶ
1233 336 1333 396 τᾶν
1352 337 1571 399 Βάττον
1585 338 1891 402 ἀπέπλωον

287 424 488 486 ὀπίσω·
532 422 595 482 οὗ
630 423 739 504 γάρ
780 422 849 499 δή
892 429 1076 498 σφεας
1106 422 1258 482 ἀπίει
1286 423 1317 482 ὁ
1345 425 1469 489 θεὸς
1504 431 1606 500 τῆς
1629 426 1891 503 ἀποικίης

290 513 421 590 πρὶν
440 512 508 586 δὴ
536 510 837 571 ἀπίκωνται
866 517 919 574 ἐς
936 511 1107 587 αὐτὴν
1126 511 1230 587 τὴν
1250 512 1493 588 Λιβύην.
1563 513 1893 591 ἀπικόμενοι

289 599 349 658 δὲ
376 604 430 662 ἐς
456 599 559 674 τὴν
573 603 750 674 νῆσον
778 599 869 657 καὶ
896 598 1279 675 ἀναλαβόντες
1303 600 1404 659 τᾶν
1431 602 1643 671 ἔλιπον,
1663 603 1894 662 ἔκτισαν

286 685 457 763 αὐτῆς
481 689 582 762 τῆς
606 684 828 762 Λιβύης
846 691 1029 764 χῶρον
1050 685 1238 746 ἀντίον
1250 690 1351 763 τῆς
1376 686 1553 762 νήσου
1578 692 1654 765 τῷ
1678 688 1894 765 οὔνομα

284 773 355 849 ἦν
382 772 612 851 Ἀζιρις,
655 773 755 833 τόν
795 774 968 834 νάπαι
1007 800 1069 834 τε
1115 773 1423 835 κάλλισται
1465 774 1549 832 ἐπ’
1591 775 1891 853 ἀμφότερα

286 862 661 942 συγκληίουσι
700 862 790 920 καὶ
821 863 1073 938 ποταμὸς
1105 860 1176 920 ro?
1217 862 1306 920 ἐπὶ
1341 862 1546 939 θάτερα
1571 864 1890 940 παραρρέει.

199 952 307 1008 158
325 953 535 1009 Τοῦτον
562 950 740 1009 οἴκεον
766 949 865 1008 τόν
890 954 1073 1027 χῶρον
1100 949 1163 1017 ἓξ
1189 950 1328 1007 ἔτεα·
1373 949 1593 1029 ἑβδόμῳ
1621 951 1682 1008 δέ
1707 957 1892 1025 σφεας

288 1038 396 1097 ἔτεϊ
420 1036 901 1114 παραιτησάμενᾳ
927 1039 981 1094 οἱ
1008 1038 1235 1112 Λίβυες,
1259 1035 1332 1099 οἷς
1352 1042 1406 1099 ἐς
1424 1036 1687 1113 ἀμείνονα
1705 1042 1890 1116 χῶρον

288 1123 502 1194 ἄξουσι,
530 1124 851 1205 ἀνέγνωσαν
879 1127 1146 1183 ἐκλιπεῖν.
1207 1123 1348 1204 ἦγον
1365 1125 1427 1183 δέ
1441 1130 1625 1201 σφεας
1642 1125 1892 1185 ἐνθεῦτεν

288 1216 341 1272 οἱ
366 1214 577 1289 Λίβυες
602 1211 1020 1286 ἀναστήσαντες
1047 1211 1188 1289 πρός
1215 1213 1477 1288 ἑσπέρην·
1514 1212 1606 1270 καὶ
1631 1211 1728 1271 τὰν
1751 1211 1886 1271 κάλ-

287 1303 487 1360 λιστον
528 1304 637 1360 τῶν
682 1298 876 1378 χώρων
924 1301 1012 1360 ἴνα
1060 1298 1348 1369 διεξιόντες
1393 1302 1445 1358 οἶ
1488 1299 1766 1375 Ἕλληνες
1806 1301 1890 1377 μή

288 1388 469 1456 ἴδοιεν,
506 1387 1035 1465 συμμετρησάμενοι
1066 1386 1170 1462 τὴν
1201 1385 1344 1464 ὥρην
1375 1390 1475 1462 τῆς
1511 1387 1738 1463 ἡμέρης,
1765 1414 1886 1448 νυκ-

287 1475 382 1537 τός
406 1479 679 1553 παρῆγον·
722 1475 842 1533 ἔστι
870 1475 928 1533 δὲ
955 1479 1031 1553 τῷ
1055 1473 1220 1554 χώρῳ
1239 1472 1412 1553 τούτῳ
1434 1472 1646 1550 οὔνομα
1661 1473 1890 1550 Ἴρασα·

284 1560 587 1642 ἀγαγόντες
640 1561 702 1620 δέ
753 1567 938 1635 σφεας
984 1562 1075 1620 ἐπὶ
1133 1561 1336 1637 κρήνην
1389 1563 1698 1642 λεγομένην
1751 1562 1892 1621 εἶναι

284 1648 645 1711 ’Λπόλλωνος
673 1647 851 1708 εἶπαν·
896 1659 931 1682 “
950 1649 1140 1725 ἄνδρες
1166 1649 1460 1725 Ἕλληνες,
1499 1651 1733 1708 ἐνθαῦτα
1758 1649 1891 1726 ὑμῖν

288 1735 575 1811 ἐπιτήδεον
604 1737 816 1796 οἰκέειν·
860 1737 1095 1796 ἐνθαῦτα
1127 1736 1240 1818 γάρ
1269 1737 1301 1797 ὁ
1329 1737 1558 1814 οὖρανός
1582 1737 1890 1813 τέτρηται.”

195 1827 307 1884 159
407 1822 540 1882 Ἐπὶ
579 1825 682 1902 μέν
715 1851 811 1885 νυν
848 1824 1075 1885 Boin-203
1108 1847 1172 1885 τε
1202 1830 1302 1884 τοῦ
1337 1825 1590 1884 οἰκιστέω
1615 1829 1716 1900 τῆς
1742 1824 1888 1901 ζόης,

286 1911 553 1990 ἄρξαντος
586 1913 677 1972 ἐπὶ
713 1913 1129 1990 τεσσεράκοντα
1161 1913 1298 1982 ἔτεα,
1330 1913 1422 1970 καὶ
1446 1914 1546 1970 τοῦ
1574 1911 1770 1974 παιδὸς
1795 1911 1889 1970 αὖ-

288 2002 388 2060 τοῦ
426 1999 782 2078 Ἀρκεσίλεω,
812 1999 1077 2077 ἄρξαντος
1119 2001 1404 2059 ἑκκαίδεκα
1440 2001 1578 2068 ἔτεα,
1617 2001 1796 2058 οἴκεον
1834 2002 1891 2058 οἱ

288 2091 609 2164 Κυρηναῖοι,
646 2085 825 2148 ἐόντες
860 2090 1123 2146 τοσοῦτοι
1157 2085 1284 2144 ὅσοι
1318 2086 1496 2163 ἀρχὴν
1525 2091 1578 2147 ἐς
1603 2085 1706 2160 τὴν
1733 2084 1890 2144 ἀποι-

290 2175 413 2251 κίην
451 2175 794 2251 ἐστάλησαν·
840 2174 931 2232 ἐπὶ
963 2174 1020 2231 δὲ
1056 2177 1156 2233 τοῦ
1182 2176 1369 2250 τρίτου
1397 2171 1626 2232 Βάττεω
1649 2175 1749 2232 τοῦ
1782 2171 1890 2230 Εὖ-

291 2263 550 2340 δαίμονος
589 2263 926 2339 καλεομένου
948 2260 1239 2336 Ἕλληνας
1263 2261 1474 2322 πάντας
1502 2259 1725 2336 ὥρμησε
1753 2258 1890 2337 χρή-

290 2376 449 2410 σασα
490 2350 527 2424 ἦ
573 2351 759 2424 Πυθίη
802 2350 995 2410 πλέειν
1041 2349 1476 2424 συνοικήσοντας
1523 2348 1892 2423 Κυρηναίοισι

291 2436 531 2513 Λιβύην·
578 2437 941 2494 ἐπεκαλέοντο
970 2436 1081 2516 γὰρ
1108 2440 1161 2494 οἱ
1182 2440 1488 2513 Κυρηναῖοι
1515 2435 1605 2493 ἐπὶ
1629 2438 1735 2514 γῆς
1761 2433 1891 2493 ἀνα-

292 2524 509 2601 δασμῷ.
580 2524 783 2602 ἔχρησε
813 2522 871 2581 δὲ
899 2521 1001 2580 ὦδε
1030 2524 1247 2600 ἔχοντα·
1287 2599 1292 2604 ὓ

374 2637 467 2684 ‘Os
516 2636 567 2683 δέ
600 2653 679 2684 κεν
716 2637 761 2684 ἐς
795 2637 977 2698 Λιβύην
1010 2637 1316 2696 πολυηρατον
1346 2632 1545 2696 ὕστερον
1577 2637 1698 2695 ἔλθῃ

392 2709 487 2768 γᾶς
524 2709 874 2768 ἀναδαιομένας,
900 2707 1025 2765 μετά
1059 2707 1106 2754 οἵ
1137 2707 1265 2754 ποκά
1299 2713 1423 2767 φαμι
1454 2707 1696 2765 μελήσειν.

299 2810 715 2887 Συλλεχθέντος
757 2809 815 2868 δὲ
858 2807 1061 2884 ὁμίλου
1104 2811 1328 2867 πολλοῦ
1371 2812 1425 2871 ἐς
1464 2806 1568 2882 τήν
1611 2807 1892 2883 Κυρήνην,

294 2897 756 2974 περιταμνόμενοι
809 2899 917 2974 γῆν
970 2895 1197 2971 πολλήν
1251 2899 1304 2954 οἱ
1357 2897 1625 2971 περίοικοι
1682 2894 1893 2969 Λίβυες

297 2985 387 3041 καὶ
428 2983 459 3042 ὁ
500 2984 777 3060 βασιλεῦς
820 2983 997 3042 αὐτῶν
1035 2986 1113 3061 τῷ
1155 2982 1362 3058 οὕνομα
1393 2981 1463 3056 ἦν
1493 2979 1769 3057 Ἀδικράν,
1799 2981 1891 3038 οἷα

294 3075 395 3145 τῆς
438 3097 501 3129 τε
547 3073 730 3150 χώρης
786 3071 1210 3147 στερισκόμενοι
1264 3070 1356 3126 καὶ
1407 3066 1892 3144 περιῦβριζόμενοι

293 3155 404 3214 ὑπὸ
440 3161 549 3216 τῶν
585 3159 927 3234 Κυρηναίων,
956 3156 1271 3232 πέμψαντες
1300 3161 1353 3216 ἐς
1379 3156 1662 3232 Αἶγιηττον
1689 3153 1891 3212 ἔδοσαν

298 3243 482 3312 σφέας
522 3242 719 3306 αὗτοῧς
755 3242 959 3318 Ἀπρίῃ
999 3245 1076 3317 τῷ
1119 3242 1403 3319 Αἰγύπτου
1445 3241 1702 3313 βασιλέϊ·
1752 3238 1783 3296 ὅ
1829 3239 1888 3296 δὲ
