2267 3517
390 104 609 168 εει-92]
1032 106 1359 157 mun.
1893 108 1990 159 149

392 183 451 243 δὲ
477 183 701 243 αὐτοῖσι
720 182 1034 259 ἀνδριάντες
1060 183 1159 243 δύο
1186 187 1388 244 ἑστᾶσι
1409 184 1616 244 λίθινοι
1640 183 1902 265 μεγάλοι·
1931 190 1992 247 ἐν

392 270 452 330 δὲ
474 274 553 349 τῷ
577 272 1048 351 περιβεβλημένῳ
1065 270 1242 350 τούτῳ
1270 270 1401 347 νηός
1423 297 1487 331 τε
1513 272 1606 345 ἔνι,
1637 271 1730 331 καὶ
1755 270 1989 352 ἄγαλμα

392 362 451 418 ἐν
486 357 633 439 αὐτῷ
668 359 929 433 ἐνέστηκε
964 360 1066 419 τοῦ
1101 359 1376 436 Περσέος.
1418 356 1574 419 οὗτοι
1610 362 1664 418 οἳ
1704 363 1990 437 Χεμμῖται

391 446 627 525 λέγουσι
650 445 749 506 τόν
774 446 1005 523 Περσέα
1034 445 1286 505 πολλάκι
1309 447 1414 523 μὲν
1447 444 1553 506 οἶνοῖ
1578 445 1682 521 τήν
1707 450 1818 526 γῆν
1854 448 1986 523 φαί-

390 534 593 593 νεσθαί
618 538 747 608 σφι,
772 532 1026 593 πολλάκι
1052 533 1111 592 δὲ
1139 533 1250 594 ἔσω
1275 536 1376 593 τοῦ
1411 535 1552 611 ἶροΰ·
1594 532 1902 595 σανδάλιόν
1924 559 1989 596 τε

390 619 560 681 αὐτοῦ
583 622 975 699 πεφορημένον
1001 620 1378 697 εὑρίσκεσθαι,
1413 620 1508 681 ἐόν
1531 620 1598 682 τὸ
1628 622 1875 703 μέγαθος
1907 622 1985 683 δί-

308 708 314 715 ’
388 734 563 789 πηχυ·
620 710 689 769 τὸ
726 709 893 769 ἐπεσῖν
918 712 1089 787 φανῇ,
1118 708 1396 785 εὐθηνέειν
1421 706 1654 789 ἅπασαν
1678 709 1984 789 Αἴγυπτον.

386 800 561 857 ταῦτα
598 799 703 874 μὲν
734 797 989 877 λέγουσι·
1028 799 1255 857 ποιεῦσι
1293 794 1354 855 δὲ
1392 796 1524 856 τάδε
1560 795 1869 873 Ἑλληνικαὶ.
1906 799 1986 877 τῷ

388 885 623 962 Περσέῖ·
664 884 852 966 ἀγῶνα
876 882 1148 965 ’γυμνικόν
1172 883 1380 943 τιθεῖσι
1413 883 1504 943 διὰ
1527 883 1719 960 πάσης
1745 883 1983 965 οἶγωνίης

388 972 603 1050 ἔχοντα,
638 972 976 1050 παρέχοντες
1016 968 1197 1031 ἄεθλα
1235 970 1436 1046 κτήνεα
1479 971 1572 1029 καὶ
1613 971 1851 1049 χλαίνας
1891 973 1984 1031 καὶ

387 1058 652 1137 δέρματα.
721 1059 1005 1135 εἰρομένου
1030 1058 1093 1117 δέ
1121 1082 1228 1135 μευ
1259 1056 1292 1118 ὅ
1319 1083 1377 1117 τι
1411 1063 1525 1134 σφι
1545 1056 1813 1142 ,μούνοισι
1848 1059 1982 1118 ἔωθε

388 1144 421 1206 ὅ
459 1145 713 1223 Περσεῦς
748 1146 1160 1221 ἐπιφαίνεσθαι,
1193 1145 1287 1205 καὶ
1323 1143 1356 1205 ὅ
1393 1170 1450 1205 τι
1488 1144 1852 1223 κεχωρίδαται
1883 1149 1978 1207 Αἶ-

386 1234 632 1311 γυπτίων
649 1236 759 1292 τῶν
778 1231 970 1292 ἄλλων
988 1232 1176 1313 σ’,γῶνα
1189 1231 1456 1314 γυμνικὸν
1475 1233 1733 1303 τιθέντες,
1754 1232 1980 1308 ἔφασαν

389 1328 426 1355 “
440 1318 541 1380 τᾶν
570 1320 801 1396 Περσέα
833 1323 893 1378 ἐκ
928 1323 1029 1395 τῆς
1061 1322 1274 1381 ἑωυτῶν
1307 1320 1509 1383 πόλιος
1533 1320 1840 1401 γεγονέναι·
1879 1318 1980 1382 τόν

384 1406 495 1488 γὰρ
528 1406 753 1468 Δαναόν
788 1407 880 1466 καὶ
914 1406 1014 1467 τὸν
1043 1408 1288 1488 Λυγκέα,
1325 1406 1517 1470 ἐόντας
1551 1405 1859 1484 Χεμμίτας,
1894 1412 1978 1467 ἐκ·

382 1499 613 1556 πλῶσαι
639 1500 694 1559 ἐς
716 1495 821 1571 τήν
843 1494 1117 1554 Ἐλλάδα·
1132 1494 1165 1514 ”
1197 1494 1308 1555 dv&
1336 1495 1396 1554 δὲ
1421 1493 1630 1555 τούτων
1652 1495 1976 1577 γενεηλογέ-

382 1609 552 1659 οντες,
586 1583 917 1660 κατέβαινον
954 1587 1009 1646 ἐς
1048 1580 1152 1643 τᾶν
1191 1582 1443 1659 Περσέα·
1486 1592 1521 1619 “
1539 1581 1876 1658 ἀπικόμενον
1915 1582 1976 1642 δὲ

380 1670 549 1733 αὖτὸν
588 1675 644 1735 ἐς
683 1672 986 1752 Αἴγυπτον,
1030 1668 1149 1729 κατ’
1189 1670 1369 1746 αἰτίην
1411 1668 1518 1745 τὴν
1561 1669 1654 1729 καὶ
1697 1668 1978 1746 Ἕλληνες

378 1760 630 1840 λέγουσι,
659 1759 890 1820 οἴσοντα
930 1762 990 1817 ἐκ
1023 1755 1245 1833 Λιβύης
1278 1757 1383 1833 τήν
1417 1760 1666 1837 Γοργοῦς
1702 1756 1974 1834 κεφαλὴν,

378 1848 601 1924 ἔφασαν
635 1847 817 1907 ἐλθεῖν
846 1846 939 1905 καὶ
968 1844 1124 1922 παραῖ
1156 1845 1340 1920 σφέας
1373 1845 1465 1904 καὶ
1501 1844 1810 1925 οἷναγνῶναι
1843 1844 1974 1909 τοῦς

376 1935 682 2016 συγγενέας
712 1931 945 1996 πάντας·
990 1932 1414 2009 ἐκμεμαθηκότα
1448 1931 1512 1991 δέ
1542 1956 1639 2008 μιν
1668 1930 1972 1992 ἀπικέσθαι

378 2026 433 2084 ἐς
475 2022 763 2101 Αἴγυπτον
799 2045 867 2079 το
906 2022 1008 2094 τῆς
1049 2020 1304 2096 Χέμμιος
1345 2043 1574 2096 ουνομα,
1611 2018 1972 2096 πεπυσμένον

377 2108 531 2185 παραὶ
580 2111 683 2183 τῆς
733 2105 963 2184 μητρός·
1015 2104 1206 2187 ἀγῶνα
1256 2108 1320 2169 δέ
1369 2110 1424 2168 οἱ
1473 2130 1743 2188 γυμνικον
1794 2104 1967 2167 αὐτοῦ

378 2192 745 2259 κελευσαντος
772 2194 1091 2255 ἐπιτελέειν.
1090 2192 1148 2275 ”)

456 2287 643 2344 Ταῦτα
666 2284 771 2360 μὲν
794 2280 977 2343 πάντα
1008 2285 1063 2343 οἶ
1094 2281 1404 2362 κατυπερθε
1432 2285 1544 2343 τῶν
1569 2281 1738 2343 ἐλέων
1765 2281 1966 2343 οἶκέον-
1983 2282 2062 2343 92

372 2397 464 2436 τες
508 2370 807 2452 Αἰγύπτιοι
848 2371 1260 2448 νομίζουσι·οῖ
1305 2371 1364 2431 δὲ
1409 2370 1478 2447 δή
1517 2374 1578 2431 ἐν
1615 2373 1769 2431 τοῖσι
1810 2371 1968 2430 ἕλεσι

372 2460 758 2537 κατοικημένοι
802 2462 955 2520 τοῖσι
997 2461 1102 2536 μὲν
1147 2456 1372 2520 αὖτοῖσι
1419 2458 1647 2536 νόμοισι
1697 2448 2010 2537 χρέωνται

369 2552 524 2609 τοῖσι
559 2549 651 2606 καὶ
682 2573 736 2607 οι
771 2543 944 2606 ἄλλοι
978 2545 1292 2627 Αἰγύπτιοι,
1321 2546 1414 2606 καὶ
1447 2545 1520 2606 τοὶ
1555 2546 1710 2605 ἄλλα
1747 2546 1840 2604 καὶ
1869 2570 1966 2627 γυ-

370 2637 515 2697 ναικὶ
530 2639 633 2714 μιῇ
650 2635 881 2698 ἕκαστος
898 2632 1076 2695 αὐτῶν
1091 2634 1382 2704 συνοικέει,
1400 2632 1645 2711 κατάπερ
1662 2632 1962 2708 Ἕλληνες.

369 2723 511 2802 οἷτάρ
554 2723 695 2801 πρός
740 2721 999 2798 εὖτελέην
1048 2726 1161 2783 τῶν
1213 2721 1406 2783 σιτίων
1450 2720 1582 2781 τάδε
1635 2727 1749 2797 σφι
1801 2720 1958 2781 ἄλλα

370 2810 669 2889 ἐξεύρηται·
711 2810 879 2871 ἐπεοὶν
908 2810 1129 2887 πλήρης
1161 2810 1390 2892 γένηται
1417 2808 1449 2869 ὁ
1474 2810 1728 2886 ποταμὸς
1761 2810 1855 2869 καὶ
1887 2807 1960 2870 τὰ

368 2899 533 2960 πεδία
564 2899 869 2980 πελαγίσῃ,
898 2897 1099 2972 φύεται
1137 2902 1194 2957 ἐν
1224 2900 1302 2976 τῷ
1329 2896 1489 2957 ὕδατι
1529 2898 1715 2975 κρίνεα
1749 2895 1960 2967 πολλα,

366 2987 437 3048 τοὶ
457 2986 753 3073 Αἰγύπτιοι
780 2984 1048 3046 καλέουσι
1072 2984 1272 3045 λωτόν·
1303 2988 1479 3046 ταῦτα
1505 2984 1672 3045 ἐπεὰν
1694 2985 1958 3064 δρέψωσι,

366 3074 655 3134 αὐαίνουσι
687 3073 831 3151 πρός
863 3072 1048 3149 ἥλιον,
1078 3073 1172 3131 καὶ
1211 3074 1401 3133 ἔπειτα
1439 3100 1506 3134 το
1548 3078 1609 3133 ἐκ
1646 3072 1828 3148 μέσου
1861 3072 1962 3130 τοῦ

365 3165 547 3223 λωτοῦ
581 3165 653 3240 τῇ
684 3161 897 3239 μήκωνι
932 3160 1024 3220 ἐον
1059 3162 1297 3236 ἐμφερές
1330 3160 1646 3226 πτίσαντες,
1675 3160 1959 3215 ποιεῦνται

365 3250 429 3321 ἐξ
452 3248 621 3309 αὐτοῦ
645 3248 843 3325 ἄρτους
863 3246 1067 3309 dvc-mk
1092 3247 1244 3324 πυρί.
1303 3248 1426 3305 ἔστι
1446 3245 1506 3303 δὲ
1531 3244 1624 3301 καὶ
1648 3241 1686 3316 ἦ
1713 3243 1838 3317 ῥίζα.
1857 3246 1956 3301 τοῖ’

1440 3405 1454 3433 l
