2267 3517
297 132 396 178 214
915 130 1281 180 ἯΡοΔοτοί·
1762 129 1893 194 [ῑΠ.

297 207 630 284 βάλλεσθαι
653 207 842 288 γόνον·
923 206 1223 288 Αἰγύπτιοι
1248 208 1309 268 δὲ
1340 209 1578 290 λέγουσι
1604 209 1781 272 σέλας
1807 209 1899 268 ἐπὶ

302 292 408 371 τήν
449 296 599 372 βοῦν
646 300 708 354 ἐκ
750 299 854 356 τοῦ
908 293 1145 372 ούρανοῦ
1200 296 1503 374 κατίσχειν,
1557 296 1655 354 καί
1695 321 1793 373 μιν
1837 300 1898 354 ἐκ

299 380 498 442 τούτου
522 383 728 442 τίκτειν
749 382 851 442 τᾶν
865 381 1060 442 Ἀπιν·
1102 384 1219 462 ἔχει
1250 383 1311 442 δὲ
1339 382 1373 442 ὅ
1404 380 1630 462 μόσχος
1661 381 1837 453 οὗτος,
1865 382 1899 443 ὅ

291 468 463 534 Ἀπις
511 470 861 547 καλεόμενος,
903 470 1124 546 σημήὶζα
1174 469 1361 531 τοιάδε
1402 469 1504 531 ε’ὠν
1542 471 1739 547 μέλας·
1807 471 1901 531 ἐπὶ

301 558 405 633 μὲν
429 562 506 637 τῷ
529 558 763 637 μετώπῳ
789 557 991 617 λευκόν
1015 557 1375 640 τετράγωνον,
1398 559 1491 617 ἐπὶ
1516 558 1579 618 δὲ
1600 562 1703 618 τοῦ
1728 556 1901 619 νώτου

303 645 489 706 αἱετόν
515 647 859 723 εἰκασμένον,
887 650 947 705 ἐν
977 645 1038 704 δὲ
1062 649 1136 723 τῇ
1162 644 1299 724 οὐρῇ
1325 644 1427 709 τιὶς
1455 646 1652 723 τρίχας
1681 645 1899 717 διπλᾶς,

211 736 284 792 29
305 732 396 792 ε’πὶ
435 733 496 794 δὲ
532 737 604 812 τῇ
641 732 886 814 γλώσσῃ
931 731 1252 814 κάνθαρον.)
1331 733 1430 796 Ὡς
1464 733 1525 792 δὲ
1558 731 1775 816 ἤγαγον
1801 733 1903 794 τᾶν

294 818 468 882 ’'An-w
493 824 547 881 οἱ
575 822 728 900 ἱρέες,
756 820 789 881 ὁ
826 819 1153 899 Καμβύσης
1188 821 1281 880 οἶα
1316 821 1419 881 ε’ὠν
1448 819 1904 903 ὖπομαργότερος

305 908 670 987 σπασάμενος
719 909 787 970 τό
840 909 1185 991 ἐγχειρίδιον,
1228 908 1408 968 θέλων
1450 907 1624 986 τύψαι
1660 909 1766 985 τήν
1802 936 1903 991 γα-

307 998 482 1075 στέρα
505 1001 606 1059 τοῦ
621 997 826 1062 Ἀπιος
849 997 1003 1056 παίει
1024 995 1128 1058 τόν
1158 996 1358 1074 μηρόν·
1398 996 1654 1078 γελάσας
1678 997 1753 1068 δὲ,
1783 998 1905 1057 εἶπε

307 1085 448 1164 πρός
483 1085 613 1150 τοῦς
654 1087 818 1164 ἱρέας·
868 1084 954 1144 “‹2'›
994 1086 1160 1144 κακαὶ
1199 1086 1464 1161 κεφαλαὶ,
1502 1089 1747 1146 τοιοῦτοι
1787 1086 1904 1146 θεοὶ

305 1175 569 1255 γίνονται,
623 1174 839 1252 ἔναιμοί
884 1197 948 1233 τε
995 1174 1090 1233 καὶ
1131 1172 1443 1251 σαρκώδεες
1486 1173 1580 1232 καὶ
1624 1173 1906 1237 ἐπαΐοντες

309 1263 602 1340 σιδηρίων;
671 1260 824 1332 ἄξιος
867 1263 973 1338 μὲν
1011 1261 1332 1344 Αἰγυπτίων
1379 1258 1541 1323 οὗτός
1575 1285 1645 1341 γε
1684 1260 1718 1320 ό
1759 1259 1903 1325 θεός·

308 1348 448 1428 άτάρ
492 1376 581 1411 τοι
626 1349 781 1427 ὖμεῖς
828 1374 898 1431 γε
940 1347 1005 1410 οὗ
1056 1348 1346 1428 χαίροντες
1382 1349 1619 1429 ’γέλωτα
1665 1351 1763 1426 ε’μὲ
1808 1349 1904 1425 θή-

311 1437 537 1498 σεσθε.”
602 1442 779 1498 ταῦτα
809 1438 981 1509 εἶπας,
1011 1437 1323 1498 ἐνετείλατο
1345 1441 1500 1497 τοῖσι
1522 1440 1699 1498 ταῦτα
1723 1436 1905 1514 πρήσ-

311 1550 498 1596 σουσι,
525 1524 657 1588 τούς
679 1527 783 1603 μὲν
811 1526 958 1602 ἱρέας
983 1523 1477 1607 α’πομαστιγῶσαι,
1504 1526 1820 1606 Αἰγυπτίων
1846 1526 1905 1585 δὲ

308 1616 418 1674 τῶν
443 1615 448 1621 ’
471 1611 662 1674 ἄλλων
719 1613 819 1673 τόν
875 1610 944 1673 ἂν
1001 1611 1237 1690 λάβωσι
1296 1611 1601 1689 ὁρτάζοντα
1660 1614 1904 1673 κτείνειν.

311 1700 449 1778 ὄρτή
498 1703 603 1778 μὲν
653 1700 720 1778 δή
769 1701 1057 1761 διελέλυτο
1109 1701 1489 1781 Αἰγυπτίοισι·
1556 1703 1612 1761 οἱ
1658 1700 1719 1760 δὲ
1770 1701 1907 1778 ἱρέες

311 1789 660 1850 ἐδικαιεῦντο·
729 1789 762 1850 ὁ
810 1790 870 1849 δὲ
909 1786 1081 1853 Ἀπις
1121 1788 1515 1869 πεπληγμένος
1558 1787 1659 1849 τὸν
1708 1789 1906 1866 μηρόν,

312 1877 503 1954 ἔφθινε
529 1882 587 1938 ἐν
611 1881 688 1958 τῷ
721 1881 818 1957 ἱρῷ
847 1878 1253 1954 κατακείμενος.
1314 1876 1430 1946 ίκαὶ
1454 1875 1555 1936 τὸν
1578 1879 1698 1953 μὲν,
1724 1882 1907 1938 τελευ·

311 1965 566 2044 τῆσαντα
618 1970 680 2027 ἐκ
731 1971 832 2026 τοῦ
871 1965 1157 2045 τρώματος
1198 1965 1412 2043 ἔθαψαν
1452 1967 1506 2023 οἱ
1547 1965 1686 2042 ἱρέες
1723 1965 1909 2042 λάθρη

220 2058 294 2114 30
314 2054 660 2132 Καμβύσεω·
724 2054 1050 2132 Καμβύσης
1088 2054 1164 2125 δὲ,
1207 2052 1281 2116 ὥς
1318 2053 1554 2134 λέγουσι
1593 2053 1907 2133 Αἰγύπτιοι,

141 2167 150 2176 ·
313 2141 509 2203 αὗτίκα
540 2142 632 2201 διοὶ
666 2146 832 2203 τοῦτο
862 2141 930 2203 v&
966 2142 1211 2219 ἀδίκημα
1251 2141 1442 2218 ἐμάνη,
1476 2139 1580 2201 ε’ὣν
1618 2140 1746 2200 οὐδὲ
1773 2141 1909 2219 πρό-

311 2256 473 2306 τερον
513 2227 810 2308 φρενήρης·
888 2231 980 2290 καὶ
1019 2233 1215 2306 πρῶτα
1252 2230 1355 2305 μὲν
1391 2233 1503 2289 τῶν
1543 2232 1725 2289 κακῶν
1765 2230 1910 2306 ἐξερ-

318 2316 532 2398 γάσατο
583 2317 682 2377 τὸν
728 2317 1007 2393 ἀδελφεόν
1060 2316 1300 2393 Σμέρδιν
1354 2315 1517 2376 ἐόντα
1561 2317 1774 2394 πατρός
1819 2318 1910 2377 καὶ

311 2404 523 2482 μητρὸς
552 2408 654 2480 τῆς
685 2404 870 2480 αὐτῆς,
905 2404 1004 2464 τόν
1035 2403 1334 2482 ἀπέπεμψε
1370 2408 1426 2468 ἐς
1462 2405 1691 2482 Πέρσας
1718 2403 1911 2485 φθόνῳ

315 2493 378 2562 ἐξ
415 2490 718 2572 Αἰγύπτου,
759 2491 848 2552 ὅτι
884 2491 952 2550 τό
1004 2491 1172 2561 τόξον
1217 2496 1423 2568 μοῦνος
1462 2493 1733 2569 Περσέων
1770 2492 1912 2554 ὅσον

313 2604 377 2638 τε
403 2580 494 2638 ε’πὶ
530 2578 627 2638 δύο
663 2579 968 2649 δακτύλους
999 2579 1203 2657 εἴρυσε,
1230 2578 1296 2639 τό
1328 2579 1482 2657 παρὰ
1514 2585 1615 2640 τοῦ
1643 2581 1913 2645 Αἰθίοπος

313 2665 536 2743 ἤνεικαν
588 2670 642 2727 οἱ
682 2666 1068 2748 Ἰχθυοφάγοι·
1136 2672 1247 2727 τῶν
1289 2667 1350 2727 δὲ
1399 2667 1593 2728 ἄλλων
1636 2669 1913 2745 ’Περσέων

317 2753 492 2817 οὐδεὶς
517 2754 635 2818 οἷός
665 2780 731 2815 σε
768 2755 1005 2837 ἐγένετο.
1088 2753 1463 2834 ἀποιχομένου
1491 2754 1565 2816 ὧν
1596 2761 1652 2820 ἐς
1682 2758 1916 2834 Πέρσας

315 2845 417 2902 τοῦ
461 2843 746 2921 Σμέρδιος,
789 2841 922 2922 ὄψιν
956 2843 1065 2903 εἶδε
1099 2842 1133 2903 ὁ
1171 2843 1499 2921 Καμβύσης
1538 2849 1601 2905 ’ἐν
1644 2849 1723 2923 τῷ
1762 2844 1913 2924 ὕπνῳ

316 2931 550 3008 τοιήνδε·
633 2931 787 3001 ἔδοξέ
837 2934 894 2991 οἱ
945 2930 1190 3013 ἄγγελον
1244 2931 1480 2993 ἐλθόντα
1534 2937 1595 2992 ἐκ
1647 2934 1916 3010 Περσέων

319 3018 636 3101 α’γγέλλειν,
679 3018 751 3083 οἷς
787 3023 844 3078 ἐν
885 3024 964 3097 τῷ
1003 3019 1181 3098 θρόνῳ
1219 3025 1297 3099 τῷ
1334 3020 1625 3098 βασιληίῳ
1666 3020 1916 3096 ἱζόμενος

320 3109 570 3186 Σμέρδις,
595 3113 668 3187 τῇ
701 3111 927 3185 κεφαλῇ
965 3111 1065 3165 τοῦ
1099 3108 1335 3185 οὐρανοῦ
1366 3108 1621 3187 ψαύσειε·
1674 3108 1817 3185 πρός
1843 3107 1917 3168 ὧν

317 3200 509 3266 ταῦτα,
565 3197 754 3260 δείσας
805 3195 934 3272 περὶ
987 3197 1189 3254 ἑωυτοῦ
1237 3195 1321 3272 μή
1369 3221 1467 3273 μιν
1512 3195 1841 3258 ἀποκτείνας
1880 3195 1915 3255 ὅ

319 3279 596 3359 ἅδελφεός
633 3283 799 3364 ἄρχῃ,
838 3283 1048 3360 πέμπει
1083 3281 1439 3359 Πρηξάσπεα
1470 3287 1528 3346 ἔς
1563 3282 1813 3351 Πέρσας,
1854 3280 1917 3345 ὃς
