2267 3517
348 162 355 166 -
380 132 604 199 51-55]
1017 132 1344 183 amma.
1887 131 1984 181 135

381 210 657 290 μαντήϊον
680 210 1022 292 “χρᾶσθαι·”
1061 211 1178 272 α’πό
1204 214 1308 289 μὲν
1333 210 1402 288 δή
1430 210 1632 273 τούτου
1653 213 1756 272 τοῦ
1779 208 1986 289 χρόνου

385 300 548 359 ἔθυον
571 303 725 359 τοῖσι
762 298 1038 377 οὐνόμασι
1068 303 1179 359 τῶν
1211 300 1350 360 θεῶν
1381 298 1704 377 χρεώμενοι·
1744 297 1898 374 παροὶ
1924 296 1985 356 δὲ

386 390 707 468 Πελασγῶν
721 387 1001 464 ’Έλληνες
1028 388 1344 458 ἐξεδέξαντο
1369 386 1624 464 ὕστερον.
1693 384 1898 446 Ἔνθεν
1924 385 1982 444 δὲ
1999 388 2072 445 53

388 474 603 554 ἐγένετο
628 476 861 539 ἕκαστος
884 478 995 536 τῶν
1021 476 1177 545 θεῶν,
1207 476 1259 536 εἴ
1277 502 1340 537 τε
1371 474 1417 535 δ’
1445 475 1552 535 αἰεὶ
1581 472 1732 550 ἦσαν
1761 473 1980 543 πάντες,

388 560 567 621 ὁκοῖοί
598 564 665 623 τέ
699 589 844 627 τινες
880 562 955 624 τὰ
994 563 1158 635 εἴδεα,
1213 563 1314 623 οὔκ
1353 562 1666 639 ἠπιστέατο
1705 562 1874 641 μέχρι
1913 559 1981 621 οὗ

312 646 319 653 ’
383 647 572 725 πρῶην
608 676 672 711 τε
712 651 805 710 καὶ
842 652 991 730 χθὲς,
1024 650 1094 714 ὥς
1136 654 1308 711 εἰπεῖν
1347 649 1520 731 λόγῳ·
1557 648 1830 709 Ἡσίοδον
1866 648 1979 731 γὰρ

382 736 475 795 καὶ
489 735 749 816 Ὅμηρον
772 738 997 814 ἡλικίην
1029 738 1448 816 τετρακοσίοισι
1489 738 1640 798 ἔτεσι
1671 738 1842 797 δοκέω
1870 762 1978 814 μευ

380 827 799 903 πρεσβυτέρους
821 825 1103 906 γενέσθαι,
1131 825 1224 883 καὶ
1250 823 1314 884 οὗ
1339 826 1566 884 πλέοσι·
1601 822 1754 885 οὗτοι
1779 825 1844 885 δέ
1866 828 1979 885 εἰσι

382 915 437 971 οἶ
474 912 811 988 ποιήσαντες
850 912 1138 994 θεογονίην
1169 912 1440 987 Ἕλλησι,
1478 911 1570 970 καὶ
1598 915 1754 972 τοῖσι
1793 914 1978 973 θεοῖσι

378 998 480 1064 τὰς
518 1001 825 1077 ἐπωνυμίας
854 999 1056 1071 δόντες,
1089 1000 1182 1058 καὶ
1212 998 1377 1075 τιμάς
1404 1024 1468 1058 τε
1507 998 1598 1057 καὶ
1636 999 1834 1077 τέχνας
1873 1000 1978 1059 διε·

379 1085 575 1151 λόντες
599 1089 692 1147 καὶ
718 1086 863 1147 εἴδεα
889 1086 1070 1148 αὐτῶν
1094 1086 1464 1167 σημήναντες.
1541 1088 1596 1145 οἱ
1620 1085 1681 1145 δὲ
1705 1084 1978 1162 πρότερον

380 1174 608 1247 ποιηταὶ
659 1174 954 1255 λεγόμενοι
1004 1174 1214 1236 τούτων
1264 1176 1376 1234 τῶν
1425 1171 1638 1251 ἀνδρῶν
1689 1172 1972 1254 γενέσθαι,

381 1257 633 1337 ὕστερον,
663 1263 792 1338 ε’μοί
824 1288 891 1343 γε
930 1262 1155 1333 δοκέειν,
1184 1263 1439 1343 ε’γένοντο
1475 1260 1702 1322 τούτων.
1767 1260 1860 1320 καὶ
1897 1260 1971 1321 τοὶ

381 1348 487 1422 μὲν
536 1352 729 1425 πρῶτα
778 1354 838 1410 αἶ
892 1350 1206 1414 Δωδωνίδες
1263 1348 1436 1427 ἶρήῖαι
1484 1350 1738 1431 λέγουσι,
1790 1349 1862 1410 τὰ
1914 1350 1976 1410 δὲ

380 1433 606 1513 ὕστερα,
632 1437 705 1498 τοὶ
745 1442 801 1503 ἐς
829 1438 1100 1499 Ἡσίοδόν
1123 1462 1188 1499 τε
1214 1437 1307 1497 καὶ
1334 1437 1594 1517 Ὅμηρον
1620 1439 1836 1519 ἔχοντα,
1864 1437 1974 1520 ε’γῶ

378 1523 547 1605 λέγω.

472 1615 845 1691 Χρηστηρίων
868 1614 929 1675 δὲ
952 1615 1097 1692 πέρι,
1132 1617 1234 1676 τοΐ
1266 1640 1329 1675 τε
1369 1617 1428 1675 ἐν
1454 1613 1712 1690 Ελλησι
1748 1612 1840 1673 καὶ
1869 1640 1969 1675 του
1943 1615 2066 1673 54

378 1703 438 1759 ε’ν
474 1700 683 1782 Λιβύῃ,
710 1701 870 1763 τόνδε
902 1702 1199 1783 Αἰγύπτιοι
1237 1701 1413 1783 λόγον
1452 1702 1706 1783 λέγουσι·
1748 1702 1972 1777 ἔφασαν

378 1791 432 1847 οἳ
458 1789 596 1866 ἱρέες
624 1794 725 1851 τοῦ
755 1791 1039 1867 Θηβαιέος
1064 1789 1202 1853 Διός
1239 1789 1382 1849 “δύο
1405 1792 1669 1871 γυναῖκας
1703 1788 1881 1865 ἶρηΐας
1908 1792 1969 1847 ἐκ

376 1877 611 1952 Θηβέων
630 1878 931 1957 ἐξαχθῆναι
952 1876 1064 1938 ὖπό
1090 1877 1373 1937 Φοινίκων·
1406 1877 1498 1935 καὶ
1522 1876 1628 1950 τήν
1642 1877 1746 1950 μὲν
1765 1874 1970 1935 αὐτέων

373 1964 653 2025 πυθέσθαι
678 1970 734 2028 ἐς
768 1964 993 2041 Λιβύην
1027 1964 1357 2041 πρηθεῖσαν,
1393 1962 1498 2037 τήν
1524 1961 1584 2019 δὲ
1611 1966 1664 2023 ἐς
1688 1959 1818 2025 τοῦς
1833 1960 1968 2021 Ἕλ-

374 2054 565 2127 ληνας·
595 2052 799 2117 ταύτας
824 2053 885 2111 δὲ
908 2052 1009 2117 τὰς
1032 2053 1297 2132 γυναῖκας
1323 2048 1460 2109 εἶναι
1479 2046 1578 2111 τοῖς
1603 2048 1972 2124 ἱδρυσαμένας

372 2136 447 2198 τοῖ
496 2140 739 2215 μαντήϊα
782 2138 1003 2217 πρώτας
1044 2144 1103 2199 ἐν
1139 2140 1294 2198 τοῖσι
1346 2135 1684 2213 εἴρημένοισι
1735 2134 1968 2195 {Ovem-’⁹

375 2226 657 2302 εἰρομένου
684 2226 747 2285 δέ
767 2253 891 2304 μευ,
918 2226 1115 2287 ὁκόθεν
1143 2224 1283 2307 οὕτω
1313 2221 1578 2300 ἀτρεκέως
1613 2220 1971 2300 ἐπιστάμενοι

371 2315 609 2394 λέγουσι
629 2339 645 2383 ;
686 2314 910 2390 ἔφασαν
954 2314 1094 2391 πρός
1143 2316 1335 2382 ταῦτα,
1390 2310 1665 2387 ’(ζήτησιν
1713 2309 1968 2392 μεγάλην

372 2399 487 2461 α’πὸ
540 2401 733 2477 σφέων
775 2401 1041 2482 γενέσθαι
1084 2404 1196 2462 τῶν
1239 2402 1512 2482 γυναικῶν
1553 2399 1806 2459 τουτέων·
1875 2398 1968 2458 καὶ

372 2486 617 2565 α’νευρεῖν
653 2490 758 2565 μέν
796 2495 983 2565 σφεας
1021 2487 1087 2548 οὗ
1126 2488 1348 2549 δυνατοὶ
1385 2486 1664 2567 γενέσθαι,
1690 2485 1970 2548 πυθέσθαι

372 2574 435 2633 δὲ
470 2574 707 2653 ὕστερον
755 2579 931 2637 ταῦτα
982 2575 1111 2652 περὶ
1151 2574 1357 2636 αὐτέων
1393 2574 1570 2651 τάπερ
1611 2573 1682 2649 δὴ
1723 2572 1968 2655 ἔλεγον.”

372 2665 557 2721 Ταῦτα
581 2665 686 2740 μέν
710 2690 807 2725 νυν
830 2666 940 2724 τῶν
966 2668 1025 2724 ἐν
1044 2663 1282 2741 Θήβῃσι
1309 2662 1466 2740 ἱρέων
1489 2660 1710 2737 ἤκουον·
1749 2660 1880 2721 τάδε
1906 2661 1966 2720 δὲ
1983 2662 2060 2721 55

373 2749 707 2813 Δωδωναίων
732 2752 881 2829 φασὶ
904 2754 966 2812 αἱ
990 2749 1342 2828 προμάντιες·
1383 2748 1522 2809 “8150
1553 2747 1847 2813 πελειάδας
1869 2774 1968 2827 με·

370 2838 568 2902 λαΐνας
618 2844 680 2899 ε’κ
733 2840 968 2917 Θηβέων
1017 2842 1129 2900 τῶν
1168 2838 1512 2917 Αἰγυπτιέων
1565 2835 1966 2913 ἀναπταμένας,

368 2950 473 3001 την
493 2928 599 3003 μὲν
624 2923 832 2987 αυτέων
868 2932 922 2991 ἐς
947 2925 1190 3038 Λιβύην,
1213 2925 1318 3001 τήν
1349 2924 1410 2985 δε
1438 2923 1592 3002 παρὰ
1617 2924 1802 3001 σφέας
1839 2922 1964 2984 οἷπι-

370 3014 588 3075 κέσθαι·
617 3016 873 3092 ἱζομένην
892 3014 955 3074 δέ
977 3039 1075 3091 μιν
1102 3012 1194 3073 ε’πὶ
1220 3011 1407 3121 φηγὸν
1434 3010 1780 3081 αὐδάξασθαι
1806 3013 1965 3087 φωνῇ

367 3094 704 3183 α’νθρωπηιῃ,
734 3102 805 3166 ὥς
827 3127 1006 3182 χρεων
1032 3127 1116 3177 ειη
1142 3098 1412 3177 μαντήϊον
1431 3098 1626 3159 αὐτόθι
1653 3097 1790 3159 Διος
1814 3097 1962 3175 γενέ-

365 3191 523 3251 σθαι·
564 3192 658 3252 καὶ
683 3190 882 3254 αυτοῦς
904 3188 1223 3265 ὑπολαβεῖν
1249 3188 1399 3248 θεῖον
1426 3185 1565 3244 εἶναι
1597 3208 1664 3242 το
1693 3186 1967 3262 ἐπαγγελ-

362 3277 606 3353 λόμενον
630 3279 873 3348 αυτοῖσι,
901 3302 993 3336 και
981 3276 1257 3353 Ησφεας
1231 3298 1292 3332 εκ
1330 3271 1532 3332 τούτου
1564 3269 1820 3341 ποιῆσαι·
1857 3291 1966 3343 την
