2267 3517
334 126 426 173 160
940 120 1306 172 ἭΡοΔοτοτ
1827 119 1928 185 [Π.

332 206 549 285 ἐγένετο
589 209 649 263 ἐν
686 207 764 283 τῷ
799 203 1026 285 Αἰγαίῳ,
1066 202 1306 273 ἐξῶσται
1338 200 1533 279 ἄνεμοι
1573 200 1933 277 ἐκβάλλουσι

331 297 387 355 ἐς
408 292 476 353 τὸ
504 290 813 373 Αἰγύπτιον
844 292 1111 370 πέλαγος·
1156 291 1407 351 ἐνθεῦτεν
1442 289 1502 349 δὲ
1529 288 1619 368 (οὔ
1654 288 1766 369 γὰρ
1793 288 1933 350 α’νίει

329 379 403 440 τὰ
427 378 739 459 πνεύματα)
767 377 1083 438 ἀπικνέεται
1114 382 1170 441 ἐς
1197 378 1498 458 Αἴγυπτον,
1525 376 1617 435 καὶ
1644 376 1934 457 Αἰγύπτου

334 472 390 531 ἐς
413 466 481 528 τό
507 471 603 527 νῦν
624 464 962 543 Κανωβικὸν
988 464 1330 541 καλεύμενον
1357 463 1546 541 στόμα
1569 467 1670 524 τοῦ
1697 464 1931 535 Νείλου,

334 554 426 614 καὶ
458 560 514 618 ἐς
552 555 865 633 Ταριχείας·
905 552 978 629 ἦν
1019 553 1080 613 δὲ
1119 553 1213 611 ἐπὶ
1252 556 1355 628 τῆς
1391 550 1580 627 ἠϊόνος
1605 550 1663 632 (ὃ
1703 552 1796 611 καὶ
1835 556 1934 613 νῦν

332 644 479 723 ἐστι)
504 640 816 718 Ἡρακλέος
858 639 994 718 ἱρόν,
1032 645 1088 705 ἐς
1123 640 1192 700 τὰ
1232 637 1302 716 ἣν
1341 638 1679 721 καταφυγῶν
1719 640 1933 715 οἰκέτης

332 729 468 810 ὅτεῳ
520 728 821 806 ἀνθρώπων
868 727 1211 805 ἐπιβάληται
1257 727 1545 808 στίγματα
1591 726 1684 806 {put
1733 726 1932 789 ἐωυτόν

334 816 512 881 διδούς
535 820 611 895 τῷ
638 818 760 896 θεῷ,
788 814 889 876 ούκ
916 816 1099 886 ἔξεστι
1122 814 1324 876 τούτου
1349 814 1626 893 ἅψασθαι.
1687 814 1744 895 (ὁ
1764 814 1932 891 νόμος

335 903 497 970 οὗτος
553 905 821 964 διατελέει
872 902 976 964 ἐῶν
1030 902 1225 981 ὁμοῖος
1280 903 1450 983 μέχρι
1511 906 1643 981 ἐμεῦ
1701 906 1778 982 τῷ
1831 900 1930 963 ἀπ’

333 992 563 1075 α’ρχῆς.)
629 996 729 1053 τοῦ
765 991 840 1052 ὧν
874 990 944 1067 δή
979 990 1353 1068 Ἀλεξάνδρου
1393 989 1730 1051 ἀπιστέαται
1773 989 1930 1068 θερά-

331 1106 530 1146 ποντες
570 1080 877 1158 πυθόμενοι
910 1078 1013 1140 τᾶν
1054 1080 1185 1156 περὶ
1225 1078 1292 1139 τό
1337 1079 1456 1155 ἱρόν
1500 1078 1701 1158 ἔχοντα
1741 1078 1930 1155 νόμον,

332 1170 506 1229 ἱκέται
545 1168 606 1228 δὲ
646 1162 901 1246 ἱζόμενοι
923 1170 1025 1227 τοῦ
1059 1167 1208 1237 θεοῦ,
1242 1164 1581 1247 κατηγόρεον
1612 1169 1714 1226 τοῦ
1737 1164 1931 1236 Ἀλεᾷ

330 1257 532 1335 άνδρου
582 1255 928 1332 βουλόμενοι
971 1253 1257 1331 βλάπτειν
1310 1252 1493 1324 αὐτόν,
1533 1251 1718 1314 πάντα
1754 1252 1932 1335 λόγον

332 1342 685 1425 ἐξηγεύμενοι
712 1341 783 1405 ὥς
811 1343 926 1423 εἶχε
960 1341 1090 1420 περὶ
1118 1341 1224 1417 τήν
1254 1340 1490 1417 Ἑλένην
1524 1368 1588 1402 τε
1621 1342 1713 1401 καὶ
1746 1341 1852 1417 τὴν
1877 1346 1932 1406 ἐς

331 1430 627 1490 Μενέλεων
666 1428 909 1506 α’,ὃικίηνι
971 1427 1311 1510 κατηγόρεον
1351 1429 1411 1488 δὲ
1460 1432 1639 1491 ταῦτα
1684 1429 1826 1506 πρός
1867 1453 1932 1490 τε

328 1518 457 1582 τοῦς
500 1517 645 1594 ἱρέας
689 1517 781 1576 καὶ
814 1517 914 1577 τόν
954 1520 1058 1577 τοῦ
1098 1515 1396 1599 στόματοςί
1417 1514 1618 1582 ὐύτου
1654 1517 1929 1594 φύλακον,

240 1608 352 1665 114
370 1611 447 1685 τῷ
474 1605 687 1682 οὕνομα
710 1602 781 1680 ἦν
807 1608 1000 1669 Θῶνις.
1068 1603 1350 1667 Ἀκούσας
1377 1604 1437 1665 δὲ
1461 1603 1671 1665 τούτων
1697 1604 1731 1665 ὁ
1756 1608 1932 1669 Θῶνις

329 1694 535 1771 πέμπει
588 1692 693 1768 τήν
747 1688 1025 1773 ταχίστην
1078 1697 1132 1757 ἐς
1188 1692 1426 1769 Μέμφιν
1483 1691 1637 1770 παραὶ
1695 1693 1932 1770 Πρωτέα

331 1781 615 1863 α’γγελίην,
656 1781 940 1862 λέγουσαν
978 1780 1142 1853 τάδεὴ
1193 1791 1229 1816 “
1237 1779 1360 1857 ἥκει
1399 1779 1590 1851 ξεῖνος,
1630 1781 1790 1861 γένος
1825 1783 1930 1858 μὲν

326 1861 584 1948 Τευκρός,
614 1870 775 1950 ἔργον
812 1868 873 1929 δὲ
911 1867 1142 1931 ἀνόσιον
1181 1872 1240 1927 ἐν
1277 1872 1350 1947 τῇ
1389 1867 1626 1928 Ἑλλάδι
1666 1869 1929 1950 ἐξεργασ-

329 1957 512 2036 μένος·
595 1957 775 2028 ξείνου
831 1956 943 2039 γοὶρ
1003 1960 1105 2018 τοῦ
1161 1959 1362 2017 ἑωυτοῦ
1419 1955 1776 2032 ἐξαπατήσας
1825 1957 1930 2033 τήν

330 2049 580 2127 γυναῖκα,
636 2042 811 2123 αὐτήν
859 2070 923 2105 τε
963 2044 1172 2121 ταύτην
1217 2042 1367 2125 ἄγων
1417 2040 1540 2119 ἥκει
1593 2042 1685 2101 καὶ
1733 2042 1930 2104 πολλὰ

330 2133 506 2213 κάρτα
544 2131 825 2213 χρήματα,
857 2131 967 2194 flur&
1007 2131 1225 2209 ἀνέμων
1264 2136 1320 2194 ἐς
1356 2134 1466 2211 γῆν
1504 2128 1608 2206 τήν
1646 2129 1758 2206 σὴν
1797 2130 1928 2191 ἅπε-

331 2222 581 2301 νειχθείς.
663 2220 865 2298 κότερα
914 2221 1057 2295 δῆτα
1111 2222 1313 2280 τοῦτον
1366 2222 1540 2295 ἐῶμεν
1592 2217 1791 2279 α’σινέα
1844 2224 1928 2279 ἐκ·

331 2310 539 2377 πλέειν,
578 2306 616 2383 ἢ
658 2307 1002 2384 ἀφελώμεθα
1040 2306 1111 2366 τοὶ
1160 2307 1300 2386 ἔχων
1337 2305 1544 2381 ἤλθε;”
1597 2306 1928 2384 α’ντιπέμπει

328 2395 469 2472 πρὸς
492 2398 668 2455 ταῦτα
694 2394 725 2455 ὅ
746 2394 1007 2471 Πρωτεῦς
1029 2395 1272 2475 λέγοντα
1293 2392 1445 2453 τάδε’
1473 2405 1509 2430 “
1516 2392 1688 2471 ἄνδρα
1711 2398 1926 2466 τοῦτον,

330 2481 487 2546 ὅστις
520 2484 649 2542 κοτέ
682 2486 806 2543 ἐστι
840 2480 1044 2541 οἷνόσια
1084 2481 1429 2562 ἐργασμένος
1467 2481 1646 2551 ξεῖνον
1671 2482 1771 2543 τόν
1803 2486 1926 2541 ἑωυ-

328 2573 446 2640 τοῦ,
488 2567 881 2646 συλλαβόντες
918 2567 1164 2650 ἀπάγετε
1200 2567 1330 2646 παρ’
1373 2571 1486 2646 ἐμὲ,
1530 2567 1620 2628 ἵνα
1651 2570 1774 2630 εἰδῶ
1805 2569 1838 2630 ὅ
1872 2594 1928 2631 τι

239 2662 349 2719 115
371 2658 498 2718 κοτὲ
560 2657 653 2717 καὶ
704 2655 906 2727 Mica?
984 2655 1266 2721 Ἀκούσας
1319 2655 1378 2716 δὲ
1435 2659 1613 2718 ταῦτα
1665 2656 1698 2717 ὅ
1753 2661 1928 2722 Θῶνις

330 2743 729 2822 συλλαμβάνει
767 2744 867 2805 τόν
891 2743 1278 2823 Ἀλέξανδρον,
1321 2743 1414 2803 καὶ
1454 2743 1555 2809 τοὶς
1593 2744 1717 2808 νέας
1757 2743 1928 2807 αὐτοῦ

329 2832 600 2912 κατίσχει·
666 2830 811 2910 μετὰ
863 2832 939 2904 δὲ,
986 2831 1155 2892 αὐτόν
1205 2857 1269 2892 τε
1317 2836 1520 2893 τοῦτον
1571 2830 1819 2914 ἀνήγαγε
1872 2837 1927 2896 ἐς

330 2921 568 2998 Μέμφιν
604 2920 696 2979 καὶ
727 2918 832 2996 τήν
859 2918 1097 2996 Ἑλένην
1126 2945 1190 2981 τε
1230 2919 1323 2980 καὶ
1356 2920 1429 2981 τοὶ
1464 2919 1750 2999 χρήματα,
1787 2918 1926 2997 πρός

332 3009 391 3068 δὲ
443 3008 535 3069 καὶ
585 3007 717 3071 τοῦς
770 3008 968 3071 ἱκέτας·
1042 3007 1527 3085 ἀνακομισθέντων
1577 3007 1638 3065 δὲ
1688 3005 1926 3076 πάντων,

328 3096 525 3175 εἰρῶτσζ
546 3095 647 3158 τόν
664 3094 1037 3172 Ἀλέξανδρον
1056 3094 1089 3154 ὅ
1111 3094 1374 3172 Πρωτεῧς
1397 3096 1482 3157 τίς
1507 3094 1592 3169 εἴη
1612 3093 1703 3152 καὶ
1728 3091 1927 3152 ὁκόθεν

327 3186 518 3255 πλέοις
562 3184 593 3245 ὁ
621 3184 684 3247 δέ
708 3185 763 3242 οἱ
788 3181 880 3241 καὶ
906 3182 972 3242 τὸ
997 3182 1158 3263 γένος
1182 3181 1443 3251 κατέλεξε
1472 3180 1563 3240 καὶ
1588 3184 1687 3253 τῆς
1713 3178 1926 3254 πάτρης

330 3269 449 3331 εἰπε
476 3271 544 3333 τό
582 3269 809 3349 οὕνομα·
852 3270 945 3329 καὶ
984 3268 1053 3345 δή
1096 3271 1189 3329 καὶ
1226 3268 1326 3331 τόν
1363 3267 1547 3328 πλόον
1585 3264 1924 3343 ἀπηγήσατο
