2267 3517
373 137 675 203 101-1041.
1010 140 1335 191 ss‘r'mpnn.
1880 136 1974 191 15⁶

370 219 636 296 φόμενος.
716 218 931 281 ὅτέοισι
952 220 1059 297 μέν
1084 246 1182 281 νυν
1217 218 1397 281 αὐτῶν
1427 218 1786 295 οἶλκίμοισι’
1759 218 1973 301 ενετῦγ-

367 332 508 387 χανε
542 307 635 366 καὶ
675 305 862 370 ὃεινῶς
897 308 1296 389 γλιχομένοισι
1335 306 1463 384 περὶ
1501 309 1603 383 τῆς
1643 308 1972 384 ἐλευθερίης,

366 392 621 455 τούτοισι
644 420 749 472 μεν
774 394 1047 470 στήλας’
1020 395 1214 470 ενίστη
1240 400 1298 458 ἐς
1320 395 1421 458 τάς
1450 393 1650 473 χώρας,
1679 393 1770 453 διὰ
1793 419 1973 475 γραμ-

367 481 557 558 μάτων
582 481 864 563 λεγούσας
896 481 964 543 τό
993 507 1057 542 τε
1098 486 1302 543 ἑωυτοῦ
1343 508 1556 561 ουνομα
1596 482 1689 542 καὶ
1727 486 1829 558 τῆς
1867 482 1972 543 πά-

366 594 515 645 τρης,
545 571 639 629 καὶ
664 569 737 633 ὥς
762 569 963 647 δυνάμι
986 573 1059 649 τῇ
1086 573 1287 631 ἑωυτοῦ
1320 569 1739 649 κατεστρέψατό
1765 577 1969 647 σφεας·

367 654 537 719 ὁτέων
569 658 629 717 δὲ
655 657 905 737 ἀμαχητὶ
930 658 1023 718 καὶ
1048 656 1317 723 εὐπετέως
1341 657 1637 736 παρέλαβε
1660 658 1761 723 τσῖς
1785 659 1970 729 πόλις,

364 743 621 805 τούτοισι
660 746 721 805 δὲ
761 746 1035 827 ἐνέγραφε
1074 751 1136 806 ἐν
1159 750 1297 826 τῇσι
1335 746 1591 826 στήλῃσι
1631 746 1772 806 κατὰ
1795 746 1972 807 ταύτὰ

367 832 459 891 καὶ
484 837 639 893 τοῖσι
664 832 981 911 άνδρηΐοισι
1003 838 1115 894 τῶν
1141 835 1337 895 ἐθνέων
1368 834 1737 916 γενομένοισι·
1781 834 1874 893 καὶ
1900 834 1969 911 δή

292 938 301 945 “
366 920 459 979 καὶ
484 921 670 981 αἰδοῖα
692 920 953 1003 γυναικὸς
976 922 1422 1002 προσενέγραφε,
1445 921 1594 997 δῆλα
1618 922 1970 998 βουλόμενος

363 1009 571 1068 ποιέειν
596 1008 668 1072 ὥς
694 1010 891 1085 εἴησαν
917 1008 1228 1073 ἀνάλκιδες.
1295 1012 1486 1069 Ταῦτα
1511 1008 1572 1069 δὲ
1597 1010 1797 1069 ποιέων
1823 1010 1927 1069 διε·
1947 1012 2060 1071 103

364 1094 487 1169 ξήῖε
510 1096 614 1171 τήν
640 1095 889 1175 ἤπειρον,
918 1101 973 1161 ἐς
999 1095 1031 1157 ὃ
1058 1102 1119 1157 ἐκ
1145 1100 1247 1173 τῆς
1269 1095 1472 1173 Ἀσίης
1499 1101 1554 1161 ἐς
1577 1095 1682 1172 τήν
1707 1093 1982 1173 Εὐρώπην

366 1181 568 1258 διαβὰς
592 1183 721 1247 τούς
744 1209 807 1243 τε
834 1183 1052 1249 Σκύθας
1076 1185 1496 1262 κατεστρέψατο
1529 1184 1621 1243 καὶ
1645 1183 1774 1247 τούς
1799 1184 1964 1261 Θρήϊ-

366 1292 485 1331 κας·
553 1274 609 1332 ἐς
650 1269 883 1335 τούτους
924 1271 988 1331 δέ
1024 1298 1125 1348 μοι
1167 1272 1346 1333 δοκέει
1385 1273 1479 1335 καὶ
1520 1270 1587 1333 οὗ
1625 1271 1966 1349 προσώτατα

364 1353 669 1417 οἷπικέσθαι
693 1357 727 1418 ὅ
753 1358 1062 1440 Αἰγύπτιος
1086 1358 1348 1437 στρατός·
1390 1365 1450 1419 ἐν
1477 1362 1581 1437 μὲν
1602 1360 1714 1441 γὰρ
1740 1362 1814 1439 τῇ
1838 1360 1961 1421 τού-

360 1467 473 1503 των
490 1443 645 1524 χῶρῃ
663 1446 957 1522 φαίνονται
972 1448 1274 1507 σταθεῖσαι
1290 1450 1348 1506 αἰ
1367 1451 1595 1523 στῆλαι,
1616 1447 1682 1507 τὸ
1703 1448 1764 1507 δὲ
1783 1474 1963 1526 προσ-

360 1531 543 1609 ωτέρω
572 1532 782 1594 τούτων
814 1532 1019 1595 οὐκέτι·
1062 1536 1316 1595 ἐνθεῦτεν
1357 1535 1417 1595 δὲ
1453 1536 1797 1615 ἐπιστρέψας
1838 1535 1960 1597 ὀπί-

360 1644 445 1679 σω
479 1618 586 1696 ἤῖε·
626 1622 721 1682 καὶ
754 1622 881 1681 ἐπεί
908 1647 971 1682 τε
1002 1621 1222 1704 ἐγένετο
1259 1623 1350 1683 ἐπὶ
1386 1622 1540 1685 Φάσι
1575 1627 1824 1702 ποταμῷ,
1859 1624 1960 1684 οὐκ

358 1708 466 1787 ἔχω
496 1708 562 1769 τό
590 1710 843 1771 ἐνθεῦτεν
867 1708 1137 1787 ἀτρεκέως
1173 1713 1361 1781 εἰπεῖν,
1389 1712 1499 1772 εἴτε
1535 1710 1702 1775 αὐτὸς
1730 1710 1761 1771 ὅ
1787 1713 1958 1787 βασι·

356 1796 487 1859 λεῦς
519 1795 842 1873 Σέσωστρις
872 1796 1304 1873 ἀποδασάμενος
1327 1802 1428 1873 τῆς
1455 1802 1655 1859 ἑωυτοῦ
1686 1804 1957 1876 στρατιῆς

355 1883 553 1962 μόριον
580 1883 721 1946 ὅσον
749 1884 819 1960 δή
838 1884 1009 1945 αὐτοῦ
1030 1885 1297 1947 κατέλιπε
1319 1890 1422 1961 τῆς
1440 1886 1624 1965 χώρης
1646 1886 1952 1964 οἰκήτορας,

357 1971 467 2032 εἴτε
503 1977 614 2032 τῶν
643 1975 787 2036 τινὲς
826 1972 1210 2050 στρατιωτέων
1247 1976 1321 2051 τῇ
1359 1973 1548 2051 πλάνῃ
1581 1972 1752 2033 αὐτοῦ
1791 1973 1957 2053 οἰχθε-

356 2058 599 2129 σθέντες,
625 2060 755 2138 περὶ
780 2058 963 2121 Φάσιν
986 2060 1246 2137 ποταμὸν
1272 2058 1615 2135 κατέμειναν.

437 2146 735 2206 Φαίνονται
758 2149 863 2222 μὲν
900 2146 1013 2229 γὰρ
1051 2147 1232 2211 ἐόντες
1258 2150 1312 2208 οἱ
1347 2147 1574 2226 Κόλχοι
1599 2145 1912 2228 Αἰγύπτιοι·
1935 2150 2052 2209 104

356 2230 567 2308 νοήσας
598 2233 659 2292 δὲ
690 2230 963 2311 πρότερον
1000 2232 1166 2299 αὐτὸς
1196 2233 1233 2312 ἢ
1269 2233 1516 2297 οἰκούσας
1551 2232 1759 2304 ἄλλων,
1786 2234 1954 2316 λέγω·

357 2318 429 2382 οἷς
454 2318 517 2379 δέ
539 2346 638 2395 μοι
666 2324 725 2380 ἐν
762 2321 1019 2400 φροντίδι
1054 2321 1290 2404 ἐγένετο,
1325 2322 1551 2400 εἰρόμην
1583 2320 1956 2401 ἀμφοτέρους·

356 2407 449 2465 καὶ
478 2411 705 2484 μᾶλλον
739 2412 797 2469 οἶ
837 2408 1062 2488 Κόλχοι
1093 2408 1398 2486 ἐμεμνέατο
1428 2414 1538 2471 τῶν
1577 2413 1894 2491 Αἰγυπτίων
1918 2410 1958 2488 ἢ

356 2496 412 2553 οἰ
453 2494 749 2575 Αἰγύπτιοι
786 2499 899 2557 τῶν
939 2496 1203 2575 Κόλχων·
1255 2498 1496 2574 νομίζειν
1543 2497 1590 2558 δ’
1634 2500 1857 2574 ἔφασαν
1903 2502 1957 2560 οἶ

355 2582 657 2663 Αἰγύπτιοι
678 2587 779 2661 τῆς
805 2581 1162 2662 Σεσώστριος
1189 2589 1457 2662 στρατιῆς
1483 2586 1622 2647 εἶναι
1645 2586 1776 2651 τούς
1802 2587 1954 2648 Κόλ-

354 2696 509 2750 χους.
591 2670 757 2735 αὖτός
807 2672 867 2731 δὲ
909 2672 1109 2732 εἴκασα
1147 2673 1298 2751 τῇδε,
1345 2673 1440 2733 καὶ
1477 2672 1566 2735 ὅτι
1602 2674 1957 2755 μελάγχροές

357 2762 469 2819 εἰσι
496 2758 589 2818 καὶ
615 2756 959 2839 οὐλότριχες·
1002 2760 1095 2825 καὶ
1132 2764 1304 2821 τοῦτο
1337 2762 1442 2837 μὲν
1468 2765 1524 2825 ἐς
1557 2759 1716 2823 οὐδὲν
1745 2761 1955 2838 ἀνήκει·

356 2845 469 2905 εἰσὶ
492 2848 604 2928 γάρ
633 2847 725 2906 καὶ
752 2847 929 2924 ἕτεροι
952 2852 1216 2908 τοιοῦτοι·
1257 2846 1412 2907 α’λλοὶ
1443 2848 1656 2909 τοισιδε
1693 2850 1784 2910 καὶ
1807 2855 1954 2926 μᾶλ-

353 2936 477 3005 λον,
505 2932 593 2994 ὅτι
618 2939 817 3012 μοῦνοι
841 2934 1061 2996 πάντων
1088 2934 1390 3013 ἀνθρώπων
1417 2936 1642 3014 Κόλχοι
1668 2938 1760 2996 καὶ
1786 2936 1956 3017 Αἰγύ-

355 3046 511 3082 πτιοι
564 3024 659 3081 καὶ
709 3023 973 3087 Αἰθίοπες
1024 3023 1453 3101 περιτάμνονται
1507 3022 1600 3085 ἀπ’
1655 3024 1834 3101 οἷρχῆς
1881 3022 1954 3083 τοῖ

356 3110 559 3169 αἰδοῖα·
601 3110 852 3173 Φοίνικες
886 3111 945 3170 δὲ
982 3111 1075 3170 καὶ
1106 3111 1277 3188 Σύροι
1304 3114 1358 3171 οἱ
1395 3116 1453 3171 ἐν
1486 3115 1558 3190 τῇ
1596 3109 1956 3190 Παλαιστίνῃ

356 3198 451 3257 καὶ
478 3196 635 3259 αὐτοὶ
662 3197 1043 3280 ὅμολογέουσι
1067 3198 1198 3276 παρ’
1218 3199 1536 3279 Αἰγυπτίων
1558 3195 1954 3273 μεμαθηκέναι,

357 3285 553 3366 Σύριοι
589 3288 650 3348 δὲ
681 3285 753 3349 οἷ’
770 3287 901 3369 περὶ
935 3286 1304 3365 Θερμώδοντα
1329 3286 1422 3345 καὶ
1449 3281 1762 3361 Παρθένιον
1785 3309 1955 3347 ποται-
