2267 3517
348 187 630 253 ιιι-117]
1041 187 1265 238 mmm.
1884 190 1947 238 59

346 268 452 344 μέν
473 292 587 335 ,νυν
626 265 797 327 ἄλλοι
835 266 1028 331 παῖδες
1065 267 1137 327 τὰ
1178 265 1599 342 ἐπιτασσόμενα
1636 266 1945 338 ἐπετέλεον,

348 352 509 417 οὗτος
539 355 600 415 δὲ
635 353 975 430 ἀνηκούστεέ
1005 380 1070 415 τε
1104 356 1198 414 καὶ
1233 354 1409 435 λόγον
1441 353 1558 432 εἶχε
1588 352 1799 424 οὐδένα,
1828 358 1884 417 ἐς
1912 353 1947 415 ὃ

348 442 527 519 ἔλαβε
566 442 671 519 τήν
710 443 884 519 δίκην·
927 448 976 503 εἰ
1015 440 1090 503 ὧν
1129 442 1200 519 δή
1240 443 1405 503 τοῦδε
1444 441 1623 501 εἵνεκα
1662 440 1814 511 ἄξιός
1851 467 1947 502 τευ

348 533 520 589 κακοῦ
552 531 680 607 εἰμὶ,
707 529 800 589 ὅδε
830 556 918 591 τοι
947 530 1195 609 πάρειμι.
1196 530 1227 550 ”
1292 534 1482 590 Ταῦτα
1514 532 1778 611 λέγοντος
1806 535 1906 590 τοῦ
1926 532 2039 592 116

345 617 558 688 παιδὸς,
594 617 692 678 τόν
724 617 1043 699 Ἀστυάγεα
1079 618 1239 698 ἐσῄει
1274 617 1583 699 ἀνάγνωσις
1622 616 1813 677 αυτοῦ·
1856 620 1952 678 καί

346 706 399 763 οἶ
418 704 452 765 ὅ
469 732 532 765 τε
555 705 847 784 χαρακτήρ
866 709 967 766 τοῦ
986 705 1295 784 προσώπου
1315 705 1745 783 προσφέρεσθαι
1766 705 1947 766 ἐδόκεε

346 796 402 854 ἐς
434 793 633 854 ἐωυτόν
665 794 758 853 καὶ
787 793 826 869 ἦ
858 792 1154 871 ὖπόκρισις
1190 795 1590 870 ἐλευθερωτέρη
1622 792 1781 853 εἶναι·
1821 792 1855 854 ὅ
1884 819 1947 853 τε

343 880 543 957 χρόνος
560 886 661 958 τῆς
686 882 938 945 ἐκθέσιος
961 886 1034 960 τῇ
1052 881 1245 961 ἡλικίῃ
1262 885 1361 941 τοῦ
1386 880 1584 943 παιδὸς
1603 881 1785 941 ἐδόκεε
1804 907 1947 959 συμ-

343 970 580 1043 βαίνειν.
650 971 946 1052 ἐκπλαγεὶς
979 970 1037 1029 δὲ
1072 968 1339 1041 τούτοισι,
1374 970 1467 1029 ἐπὶ
1495 968 1700 1048 χρόνον
1730 967 1946 1051 ἄφθογ-

343 1081 444 1136 γος
487 1057 575 1133 ἦν·
630 1057 796 1138 μόγις
834 1058 895 1117 δὲ
937 1056 1008 1133 δή
1048 1083 1178 1117 κοτε
1218 1056 1551 1136 ἀνενειχθεὶς
1592 1056 1727 1128 εἶπε,
1769 1058 1949 1117 θέλων

347 1146 626 1223 ἐκπέμψαι
655 1170 755 1206 τον
777 1145 1226 1223 Ἀρτεμβάρεα
1202 1171 1291 1206 ινα
1312 1145 1411 1206 rav
1436 1144 1719 1221 βουκόλον
1742 1149 1948 1222 μοῦνον

343 1232 544 1307 λαβών
568 1234 884 1313 βασανίσῃ·
918 1245 952 1269 “
964 1234 1420 1312 Ἀρτέμβαρες,’
1394 1232 1501 1315 εγῶ
1524 1237 1701 1292 ταῦτα
1726 1232 1947 1308 ποιήσω

285 1322 290 1329 ’
346 1318 495 1379 ὥστε
519 1324 610 1380 σὲ
615 1322 706 1379 καὶ
723 1320 823 1381 τόν
839 1321 1014 1381 παῖδα
1037 1321 1137 1382 τόν
1162 1322 1269 1382 σόν
1286 1321 1459 1399 μηδεν
1478 1319 1948 1398 ἐπιμεμφεσθαι.”

342 1432 444 1466 τον
467 1410 571 1485 μὲν
598 1408 666 1485 δή
691 1408 1082 1487 Ἀρτεμβάρεα
1105 1410 1333 1486 πέμπει·
1373 1408 1475 1469 τόν
1498 1407 1559 1467 δὲ
1592 1406 1843 1486 Κῦρον’
1805 1434 1947 1489 ηγον

343 1494 455 1555 ἔσω
475 1498 528 1555 οἶ
548 1496 898 1573 θεράποντες,
922 1497 1289 1560 κελεύσαντος
1305 1501 1407 1557 τοῦ
1425 1496 1783 1577 Ἀστυάγεος.
1826 1496 1945 1555 ἐπεὶ

340 1582 401 1643 δὲ
438 1584 811 1645 ὖπελέλειπτο
851 1584 885 1645 ὁ
919 1585 1202 1662 βουκόλος
1236 1588 1457 1661 μοῦνος,
1488 1586 1841 1661 μουνωθέντα
1874 1584 1944 1660 δή

339 1671 508 1733 αὔτόν
529 1673 703 1751 εἴρετο
731 1672 764 1734 ὅ
787 1671 1122 1755 Ἀστυάγης,
1148 1672 1309 1733 κόθεν
1332 1672 1514 1749 λάβοι
1535 1672 1637 1732 τᾶν
1654 1673 1827 1732 παῖδα
1852 1674 1945 1732 καὶ

336 1762 422 1823 τίς
447 1763 530 1838 εἴη
557 1762 590 1821 ὁ
615 1761 932 1840 παραδούςς
974 1760 1007 1821 ὁ
1034 1761 1094 1820 δὲ
1120 1761 1185 1831 ἐξ
1208 1765 1408 1821 ἑωυτοῦ
1432 1784 1495 1821 τε
1522 1761 1631 1837 ἔφη
1656 1762 1945 1842 γεγονέναι

339 1850 431 1908 καὶ
453 1849 558 1925 τὴν
580 1854 856 1910 τεκοῦσαν
883 1847 1052 1910 αὗτόν
1078 1849 1159 1907 ἔτι
1185 1848 1324 1908 εἶναι
1349 1846 1478 1926 παρ’
1506 1851 1701 1927 ἑωυτῷ·
1740 1848 1941 1907 Ἀστυ-

337 1936 477 2045 άγης
501 1938 564 1997 δέ
591 1963 688 2015 μιν
713 1936 814 1997 οῦκ
848 1936 908 1997 εὖ
932 1936 1317 2013 βουλεύεσθαι
1350 1937 1460 2012 ἔφη
1488 1936 1855 2012 ἐπιθυμέοντα
1888 1940 1945 1999 ἐς

336 2022 579 2103 ἀνάγκας
603 2023 880 2105 μεγάλας·
863 2023 1268 2085 ·α’πικνεέσθαι·
1310 2024 1429 2101 ἅμα
1458 2048 1523 2083 τε
1548 2023 1729 2103 λέγων
1761 2026 1939 2083 ταῦτα

339 2110 604 2187 ἐσήμαινε
638 2115 792 2171 τοῖσι
827 2112 1194 2190 δορυφόροισι
1228 2110 1547 2189 λαμβάνειν
1581 2108 1767 2169 αὖτόν·
1808 2110 1841 2170 ὁ
1882 2110 1943 2170 δὲ

335 2196 607 2278 α’γόμενος
639 2204 694 2261 ἐς
728 2224 830 2262 τας
865 2198 1122 2281 ἀνάγκας,
1152 2198 1293 2260 οὕτω
1329 2197 1413 2293 δὴ
1424 2199 1617 2275 ἔφαινε
1647 2222 1747 2257 τον
1778 2197 1940 2258 ἐόντα

334 2284 528 2366 λόγον,
560 2284 868 2364 ἀρχόμενος
907 2287 968 2346 δὲ
1006 2286 1101 2347 ἀπ’
1128 2287 1308 2366 ἀρχῆς
1347 2274 1549 2366 διεξῄει
1587 2289 1659 2365 τῇ
1694 2284 1939 2366 άληθηιῃ

333 2371 657 2451 χρεώμενος,
686 2374 780 2433 καὶ
806 2376 1154 2452 κατέβαινε’
1128 2400 1185 2438 ες
1205 2373 1369 2438 λιτάς
1391 2400 1456 2435 τε
1482 2374 1575 2433 καὶ
1600 2373 1938 2456 συγγνώμην

335 2462 512 2539 ἑωυτῷ
538 2460 830 2522 κελεύων”
800 2488 979 2572 εχεινῆ
974 2462 1159 2523 αυτόν.

412 2546 728 2633 Ἀστυάγης
763 2550 841 2624 δὲ,
875 2555 979 2612 τοῦ
1015 2554 1122 2628 μὲν
1157 2531 1445 2627 βουκόλου
1478 2574 1583 2663 την
1617 2549 1894 2627 α’ληθηιην
1916 2551 2026 2611 117

333 2636 690 2715 ἐκφήναντος,
706 2638 882 2721 λόγον
897 2637 1006 2716 ἤδη
1027 2639 1120 2697 καὶ
1142 2637 1414 2699 ἐλάσσω’
1388 2639 1653 2698 εποιέετο·
1668 2637 1935 2720 Ἀρπάγω

332 2723 393 2783 δὲ
438 2727 529 2783 καὶ
580 2725 839 2807 μεγάλως
885 2725 1266 2805 μεμφόμενος,
1314 2727 1535 2786 καλέειν
1574 2724 1754 2807 ,αὐτὸν
1803 2725 1933 2788 τοῦς

331 2811 676 2891 δορυφόρους
717 2816 953 2875 ἐκέλευε.
1037 2815 1108 2879 ὦς
1150 2815 1214 2875 δέ
1251 2817 1307 2874 οἱ
1342 2819 1529 2893 παρῆν
1564 2813 1597 2874 ὅ
1622 2813 1931 2895 Ἅρπαγος,

330 2900 508 2977 εἴρετό
530 2927 628 2979 μιν
653 2902 684 2962 ὅ
708 2902 1046 2985 Ἀστυάγης·
1078 2902 1399 2984 ““Ἀρπαγε,
1424 2903 1530 2983 τέῳ
1558 2901 1626 2979 δὴ
1651 2902 1807 2982 μόρῳ
1829 2901 1931 2963 τᾶν

327 2989 504 3049 παῖδα
545 2991 899 3069 κατεχρήσαο
941 2990 1042 3053 τόν
1083 3017 1175 3052 τοι
1217 2993 1509 3069 παρέδωκα
1555 2996 1617 3050 ἐκ
1658 2988 1933 3071 θυγατρὸς

327 3077 598 3158 γεγονότα
622 3084 723 3154 τῆς
749 3084 885 3156 ἐμῆς
903 3076 952 3148 3⁹⁹
983 3078 1015 3139 ὁ
1042 3078 1142 3139 δὲ’
1142 3086 1411 3160 Αρπαγος
1436 3078 1507 3141 ὥς
1534 3079 1645 3137 εἶδε
1667 3077 1769 3137 τᾶν
1790 3078 1929 3151 βου-

328 3164 498 3226 κόλον
524 3166 729 3226 ἔνδον’
703 3166 879 3237 εόντα,
913 3192 978 3225 ου
1010 3166 1273 3243 τρέπεται
1305 3167 1397 3225 ἐπὶ
1428 3166 1633 3242 ψευδέα
1665 3162 1866 3282 fison:
1840 3186 1930 3220 ινα

323 3279 406 3330 μη
455 3243 826 3335 ἐλεγχόμενος
867 3254 1187 3329 ἁλίσκηται·
1235 3251 1391 3313 ἀλλὰ
1437 3253 1593 3331 λέγει
1633 3247 1785 3306 τάδε·
1853 3246 1929 3305 ’ὦ

323 3340 592 3415 βασιλεῦ,
629 3343 754 3401 ἐπεί
779 3366 844 3400 τε
877 3341 1213 3416 παρέλαβον
1246 3338 1313 3398 τό
1328 3337 1585 3403 παιδίον,
1624 3331 1929 3407 ἐβουλευον
