2267 3517
367 151 395 199 1
402 146 653 212 80-183]
1061 148 1285 198 ΚΑΕῙΩ.
1905 150 1971 198 89

363 227 598 303 περιθεῖ,
632 225 696 286 οὔ
730 230 930 306 πολλῷ
963 227 1069 307 τέῳ
1096 226 1502 303 ἀσθενέστερον
1526 230 1627 287 τοῦ
1652 228 1840 304 ἑτέρου
1865 227 1972 287 τεί-

364 340 497 394 χεος
542 314 890 392 στεινότερον
940 315 1019 375 δέ.
1102 320 1162 375 ἔν
1208 315 1268 375 δὲ
1321 315 1532 393 φάρσεϊ
1585 315 1821 394 ἐκατέρῳ
1869 320 1976 391 τῆς·

367 401 567 465 πόλιος
591 404 902 481 τετείχιστο
931 408 987 463 ἐν
1023 404 1200 482 μέσῳ·
1243 408 1302 463 ἐν
1333 408 1410 482 τῷ
1443 403 1541 479 ἦεν
1571 402 1644 463 τοὶ
1668 402 1970 479 βασιλήῖα,

369 490 659 569 περιβόλῳ
693 490 923 571 μεγάλῳ
959 516 1021 551 τε
1053 492 1146 551 καὶ
1195 495 1424 570 ἰσχυρῷ·
1468 496 1526 551 ε’ν
1571 490 1630 549 δὲ
1669 494 1746 569 τῷ
1792 491 1971 569 ἑτέρῳ,

371 577 507 643 Aede
531 577 726 653 Βήλου
753 579 871 656 ἶρὸν
895 577 1280 658 χαλκόπυλον,
1319 579 1412 638 καὶ
1453 584 1508 643 ἐς
1547 580 1646 655 ἐμὲ
1684 582 1852 638 τοῦτο
1891 580 1971 639 ἔτι

370 665 477 736 ε’ὂν,
516 665 614 725 δύο
647 666 889 727 σταδίων
927 666 1127 743 πάντη,
1172 666 1263 727 ε’ὁν
1299 665 1664 747 τετράγωνον.
1730 671 1790 727 ἐν
1814 668 1973 746 μέσῳ

368 754 429 829 δὲ
469 757 572 814 τοῦ
616 757 737 830 ἱροῦ
776 754 991 836 πύργος
1037 754 1266 833 στερεὸς
1309 754 1684 832 οἰκοδόμηται,
1741 755 1972 815 σταδίου

368 842 461 900 καὶ
485 842 551 903 τὰ
575 846 755 919 μῆκος
792 844 884 902 καὶ
914 843 981 903 τὸ
1010 842 1185 921 εὖρος·
1229 842 1320 901 καὶ
1355 844 1447 901 ἐπὶ
1476 841 1652 921 τούτῳ
1675 846 1751 921 τῷ
1775 842 1970 924 πύργῳ

367 928 545 995 ἄλλος
569 930 781 1012 πύργος
806 932 1121 1007 ἐπιβέβηκε
1149 931 1242 989 καὶ
1273 931 1458 1008 ἔτερος
1480 930 1640 1007 μάλα
1667 931 1758 989 ε’πὶ
1776 930 1968 1009 τούτῳ,

365 1018 563 1096 μέχρις
588 1017 653 1079 οὗ
678 1018 823 1079 όκτῶ
848 1018 1091 1101 πύργων·
1133 1016 1416 1095 ἀνάβασις
1450 1017 1509 1077 δὲ
1540 1022 1596 1081 ἐς
1621 1016 1822 1081 αὐτοῦς
1847 1018 1970 1088 ἔξω·

368 1106 464 1164 θεν
489 1105 671 1186 κύκλῳ
696 1108 825 1185 περὶ
860 1107 1073 1171 πάντας
1104 1106 1236 1170 τοῦς
1265 1104 1512 1187 πύργους
1541 1106 1754 1184 ἔχουσα
1777 1107 1971 1165 πεποί-

366 1218 514 1267 ηται·
554 1199 821 1270 μεσοῦντι
846 1196 909 1255 δέ
932 1220 1032 1255 κου
1055 1200 1158 1272 τῆς
1183 1192 1500 1269 α’ναβάσιός
1528 1198 1650 1253 ε’στι
1676 1191 1973 1274 καταγωγή

367 1305 430 1339 τε
466 1282 559 1340 καὶ
596 1283 763 1342 θῶκοι
797 1281 1233 1361 ἀμπαυστήριοι,
1261 1287 1319 1341 ἐν
1353 1285 1506 1342 τοῖσι
1532 1281 1840 1351 κατίζοντες
1863 1280 1968 1358 ἀμ·-

367 1366 639 1429 παύονταὶ
664 1373 717 1429 οἱ
741 1370 1157 1447 ἅναβαινοντες·
1193 1375 1252 1430 ἐν
1279 1370 1338 1429 δὲ
1362 1374 1440 1449 τῷ
1463 1369 1758 1449 τελευταίῳ
1777 1367 1972 1449 πύργῳ

368 1456 498 1531 νηός
524 1458 715 1518 ἔπεστι
739 1458 933 1539 μέγας·
975 1464 1035 1519 ἐν
1066 1458 1125 1518 δὲ
1160 1462 1238 1538 τῷ
1276 1462 1386 1537 νηῷ
1421 1458 1584 1532 κλίνη
1621 1456 1844 1537 μεγάλη
1885 1458 1969 1517 κέ-

367 1568 487 1603 εται
525 1544 585 1604 εὖ
626 1547 961 1625 ἐστρωμένη,
991 1547 1088 1606 καί
1120 1549 1175 1606 οἶ
1204 1545 1452 1622 τράπεζα
1475 1546 1810 1622 παρακέεται
1834 1570 1967 1623 χρυ-

365 1633 491 1709 σέη·
532 1632 763 1715 ἄγαλμα
804 1636 863 1695 δὲ
904 1634 1005 1695 οὐκ
1052 1635 1133 1695 ἔνι
1171 1632 1328 1693 οὐδὲν
1368 1632 1564 1693 αὐτόθι
1603 1632 1984 1709 ε’νιδρυμένον·’

366 1720 491 1780 οὐδὲ
517 1722 687 1782 νύκτα
712 1722 889 1786 οὐδεὶς
908 1721 1250 1794 ἐναυλίζεται
1275 1720 1591 1798 ἀνθρώπων,
1608 1720 1696 1780 ὅτι
1718 1720 1799 1796 μή
1825 1720 1966 1801 γυνη

362 1809 541 1886 μούνη
579 1815 691 1871 τῶν
730 1810 1034 1890 ἐπιχωρίων
1068 1810 1172 1885 τὴν
1208 1808 1276 1869 ἂν
1315 1808 1348 1869 ὁ
1381 1808 1507 1872 θεός
1537 1810 1734 1884 ἕληται
1765 1813 1825 1867 ἐκ
1863 1834 1967 1867 πα·

364 1897 523 1968 σέων,
545 1896 615 1961 ὥς
634 1900 869 1979 λέγουσι
891 1902 945 1957 οἱ
965 1898 1263 1967 Χαλδαῖοι,
1283 1896 1464 1959 ἐόντες
1490 1897 1630 1972 ἱρέες
1646 1895 1847 1956 τούτου
1866 1900 1966 1955 τοῦ

366 1985 515 2045 θεοῦ.
595 1988 747 2046 Φασὶ
783 1987 843 2045 δὲ
884 1990 939 2046 οἱ
974 1985 1133 2046 αὐτοὶ
1161 1983 1331 2054 οὗτοι,
1368 1984 1492 2060 ε’μοὶ
1526 1984 1631 2059 μὲν
1657 1982 1722 2041 ού
1748 1982 1926 2043 πιστοὶ
1946 1985 2058 2044 182

364 2073 640 2151 λέγοντες,
665 2073 765 2134 τόν
801 2073 930 2134 θεὸν
969 2073 1137 2134 αύτὸν
1173 2077 1377 2151 φοιτᾶν
1410 2096 1474 2130 τε
1506 2076 1561 2134 ἐς
1585 2070 1686 2130 τᾶν
1712 2069 1846 2145 νηόν
1871 2071 1966 2131 καὶ

366 2157 725 2234 ἀμπαύεσθαι
752 2162 844 2220 ἐπὶ
866 2165 967 2236 τῆς
994 2161 1201 2237 κλίνης,
1224 2158 1468 2235 κατάπερ
1495 2163 1552 2217 ἐν
1572 2156 1806 2235 Θήβῃσι
1830 2162 1968 2237 τῇσι

365 2248 709 2326 Αἰγυπτίῃσι
748 2247 891 2307 κατὰ
927 2247 1041 2309 τόν“
1065 2248 1234 2308 αὗτόν
1271 2247 1496 2325 τρόπον,
1539 2245 1610 2308 ὥς
1641 2247 1878 2327 λέγουσι
1911 2250 1966 2307 οἱ

364 2334 682 2414 Αἰγύπτιοι·
730 2336 823 2395 καὶ
866 2334 979 2417 γοῖρ
1020 2335 1089 2411 δὴ
1134 2337 1303 2397 ἐκεῖθι
1351 2338 1612 2412 κοιμᾶται
1652 2339 1710 2394 ἐν
1748 2338 1826 2413 τῷ
1863 2339 1964 2394 τοῦ

368 2422 504 2487 Διός
541 2428 643 2483 τοῦ
682 2425 963 2500 Θηβαιέος
1005 2424 1166 2505 γυνή·
1221 2422 1536 2500 ἀμφότεραι
1575 2422 1636 2481 δὲ
1675 2420 1838 2481 αὗται
1872 2424 1963 2482 λέ-

363 2536 557 2591 γονται
581 2512 792 2590 οἷνδρῶν
816 2512 1071 2590 ούδαμῶν
1099 2518 1154 2575 ἐς
1177 2510 1404 2589 ὁμιλίην
1423 2514 1646 2587 φοιτᾶν·
1681 2511 1773 2570 καὶ
1798 2510 1960 2570 κατά-

364 2624 469 2676 περ
497 2605 554 2660 ε’ν
582 2600 903 2679 Πατάροισι
935 2594 1037 2677 τῆς
1060 2601 1271 2675 Λυκίης
1294 2598 1331 2676 ἦ
1359 2598 1664 2675 πρόμαντις
1687 2602 1788 2659 τοῦ
1817 2600 1963 2668 θεοῦ,

365 2689 533 2748 ε’πεάν
580 2690 827 2772 γένηται·
889 2688 954 2749 ού
1002 2688 1114 2770 γάρ
1169 2686 1244 2748 ὦν
1297 2687 1408 2747 αἰεί
1454 2692 1578 2747 ἐστι
1618 2686 1964 2765 χρηστήριον

362 2775 576 2837 αὗτόθί·
619 2777 787 2837 ἔπεσῖν
818 2777 879 2837 δὲ
912 2776 1158 2859 γένηται,
1184 2773 1312 2836 τότε
1349 2773 1424 2835 ὧν
1459 2774 1964 2856 συγκατακληίεται

360 2863 462 2926 τοῖς
496 2863 694 2927 νύκτας
719 2865 828 2925 ἔσω
855 2868 913 2924 ἔν
935 2868 1013 2943 τῷ
1044 2868 1173 2942 νηῷ.
1239 2862 1414 2923 ’Ἐστι
1438 2861 1500 2921 δὲ
1522 2866 1623 2923 τοῦ
1650 2867 1709 2921 ἐν
1734 2864 1924 2938 Βαβυ-
1945 2861 2060 2919 183

365 2955 499 3012 λῶνι
527 2956 646 3030 ἱροῦ
680 2953 772 3011 καὶ
807 2950 985 3016 ἄλλος
1020 2949 1167 3011 κάτω
1198 2950 1344 3027 νηός·
1387 2950 1517 3011 ἔνθα
1554 2949 1786 3031 ἄγαλμα
1817 2950 1964 3029 μέγα

371 3044 461 3100 τοῦ
490 3040 626 3103 Διὸς
652 3042 729 3100 ἔνι
755 3038 1065 3117 κατήμενον
1089 3037 1349 3118 χρύσεον,
1388 3038 1486 3097 καί
1518 3041 1571 3097 οἱ
1595 3037 1841 3114 τράπεζα
1865 3060 1962 3110 με·

370 3128 513 3209 γάλη
558 3129 895 3206 παρακέεται
934 3129 1168 3207 χρυσέη,
1210 3126 1302 3186 καὶ
1335 3126 1402 3185 τό
1441 3120 1663 3202 βάθρον
1703 3125 1757 3181 οἱ
1798 3122 1890 3178 καὶ
1928 3120 1962 3179 ὁ

364 3216 559 3293 θρόνος
601 3215 842 3297 χρύσεός
885 3219 1024 3286 ἐστι,
1066 3216 1176 3285 καὶ,
1219 3213 1290 3277 ὥς
1329 3215 1524 3292 ἔλεγον
1563 3213 1618 3269 οἱ
1661 3206 1959 3277 Χαλδαῖοι,

302 3354 305 3359 .
366 3304 647 3364 ταλάντων
672 3303 1017 3364 ὀκτακοσίων
1043 3300 1281 3379 χρυσίου
1306 3295 1603 3371 πεποίηται
1625 3295 1820 3353 ταῦτα·
1862 3291 1964 3361 ἔξω

514 3383 544 3430 8
