2267 3517
312 133 410 184 1⁷6
926 133 1295 183 ἮΡοΔοΤοΤ
1807 110 1908 193 [Ιί.

308 208 573 275 Ἀνύσιος
603 210 819 283 πόλιος,
844 216 925 291 τῷ
958 212 1170 289 οὕνομα
1189 210 1430 273 ’Άνυσιν
1459 210 1618 271 εἶναι·
1658 210 1752 271 ἐπὶ
1789 208 1912 269 τού-

313 322 413 357 του
439 298 849 373 βασιλεύοντος
874 299 1081 359 ἐλάσαι
1118 297 1203 359 ἐπ’
1229 299 1516 381 Αἴγυπτον
1539 299 1685 378 χειρὶ
1718 300 1914 375 πολλῇ

312 385 585 449 Αἰθίοπάς
621 412 684 446 τε
726 387 818 445 καὶ
860 388 1142 463 Σαβακῶν
1177 385 1277 447 cdv
1317 385 1599 447 Αἰθιόπων
1637 383 1911 461 βασιλέα·

311 471 410 533 τᾶν
440 475 544 549 μὲν
580 472 647 549 δὴ
674 473 897 551 τυφλόν
922 478 1124 535 τοῦτον
1151 474 1410 552 οἴχεσθαι
1443 473 1725 554 φεύγοντα
1762 477 1818 536 ἐς
1836 471 1914 531 ’τά

316 560 465 618 ἐλεα-
506 559 607 621 τόν
632 560 693 620 δὲ
719 562 967 622 Αἰθίοπα
1002 560 1335 637 βασιλεύειν
1362 560 1651 641 Αἰγύπτου
1683 558 1767 619 ἐπ’
1793 560 1916 619 ἔτεα

314 647 675 723 πεντήκοντα·
718 654 777 709 ἐν
801 653 957 710 τοῖσι
982 648 1153 709 αὗτὸν
1175 648 1309 709 τάδε
1335 646 1738 718 ἀποδέξασθαι·
1779 646 1918 711 ὅκως

312 738 423 795 τῶν
462 762 547 800 τις
585 738 903 817 Αἰγυπτίων
942 736 1184 815 ἀμάρτοι
1221 761 1294 806 τι,
1330 737 1558 796 κτείνειν
1594 737 1700 813 μὲν
1738 732 1917 794 αὐτῶν

320 820 516 883 οὐδένα
542 824 772 885 ἐθέλειν·
812 823 915 895 τὰν
939 825 999 884 δὲ
1018 824 1160 886 κατὰ
1183 823 1432 906 μέγαθος
1453 827 1554 883 τοῦ
1580 821 1918 900 ἀδικήματος

316 908 532 990 ἑκάστῳ
555 911 810 985 δικάζειν,
839 911 1222 974 ἐπιτάσσοντα
1257 911 1494 991 χώματα
1518 914 1660 991 χοῦν
1683 910 1824 989 πρός
1845 914 1918 989 τῇ

318 1000 529 1059 ἑωυτῶν
552 999 693 1060 πόλι
726 1000 855 1063 ὅθεν
896 1001 1132 1065 ἕκαστος
1171 999 1243 1076 ἦν
1266 1003 1378 1060 τῶν
1401 998 1740 1060 ἀδικεόντων.
1826 999 1920 1057 καὶ

319 1084 461 1147 οὕτω
486 1088 567 1147 ἔτι
593 1091 651 1147 αἶ
675 1088 872 1153 πόλιες
898 1090 1154 1168 ἐγένοντο
1179 1086 1545 1166 ὑψηλότεραι·
1585 1086 1652 1147 τὸ
1677 1088 1782 1163 μὲν
1805 1084 1919 1168 γάρ

318 1179 539 1250 πρῶτον
560 1175 895 1255 ἐχώσθησαν
920 1175 1031 1237 ύπό
1056 1180 1168 1237 τῶν
1191 1176 1293 1239 τάς
1319 1174 1590 1253 διώρυχας
1614 1172 1922 1251 ὄρυξάντων

323 1262 416 1320 ἐπὶ
452 1263 806 1341 Σεσώστριος
840 1264 1136 1341 βασιλέος,
1164 1261 1391 1339 δεύτερα
1426 1262 1487 1322 δὲ
1515 1262 1608 1323 ἐπὶ
1637 1265 1739 1323 τοῦ
1766 1260 1920 1321 Αἰθί-

322 1372 459 1413 οπος
486 1350 579 1409 καὶ
605 1350 781 1428 κάρτα
806 1350 1023 1429 ὖψηλαὶ
1050 1352 1324 1432 ἐγένοντο.

400 1434 693 1515 Ὑψηλέων
718 1439 778 1498 δὲ
820 1440 913 1498 καὶ
948 1439 1146 1516 ἑτέρων
1177 1438 1544 1516 τασσομένων
1569 1442 1628 1499 ἐν
1655 1440 1728 1517 τῇ
1755 1436 1922 1519 Αἰγύ-

320 1549 441 1603 πτῳ
466 1525 695 1595 πολίων,
726 1526 795 1590 ὦς
829 1526 953 1604 ἐμοὶ
992 1526 1185 1597 δοκέει,
1210 1526 1468 1604 μάλιστα
1496 1528 1600 1603 μὲν
1625 1524 1925 1601 Βουβάστι

322 1609 463 1671 πόλι
511 1611 813 1692 ἐξεχώσθη,
864 1618 923 1674 ἐν
966 1618 1039 1693 τῇ
1088 1615 1182 1673 καὶ
1227 1614 1346 1692 ἱρόν
1391 1619 1516 1674 ἐστι
1566 1613 1925 1689 Βουβάστιος

326 1696 863 1781 ἀξιαπηγητότατον·
904 1702 1051 1778 μέζω
1068 1736 1077 1743 ·
1090 1704 1195 1780 μὲν
1228 1702 1339 1783 γάρ
1377 1702 1533 1762 ἄλλα
1563 1702 1657 1761 καὶ
1681 1701 1924 1761 πολυδα-

324 1786 613 1867 πανώτερά
653 1793 776 1850 ἐστι
818 1788 925 1867 ἶρά,
959 1789 1133 1869 ἡδονῇ
1175 1790 1233 1849 δὲ
1275 1790 1492 1850 ἰδέσθαι
1533 1788 1690 1850 οὐδὲν
1727 1788 1925 1849 τούτου

190 1942 199 1949 Ο
325 1879 570 1951 μᾶλλον·
632 1875 670 1952 ἦ
711 1877 771 1937 δὲ
810 1876 1138 1951 ΒούΘαστις
1179 1879 1320 1938 κατὰ
1357 1876 1612 1937 Ἑλλάδα
1648 1876 1926 1958 γλῶσσάν

240 1965 350 2023 138
368 1968 492 2024 ἐστι
505 1962 789 2043 Ἄρτεμις.
870 1971 949 2025 Το
988 1966 1049 2026 δὲ
1092 1965 1211 2043 ἶρόν
1244 1964 1414 2041 αὐτῆς
1451 1962 1555 2025 ὦδε
1597 1965 1728 2042 ἔχει·
1770 1963 1926 2039 πλὴν

326 2055 428 2128 τῆς
454 2052 671 2128 ἐσόδου,
696 2053 764 2114 τὰ
790 2053 941 2114 ἄλλο
968 2053 1143 2131 νῆσός
1168 2058 1309 2114 ἐστι·
1359 2059 1420 2113 ἐκ
1447 2052 1558 2134 γὰρ
1584 2056 1685 2112 τοῦ
1710 2052 1926 2111 Νείλου

328 2140 589 2219 διώρυχες
657 2142 940 2220 ἐσέχουσι,
993 2142 1059 2202 οὖ
1110 2142 1548 2223 ’συμμίσγουσαι
1613 2138 1924 2218 ἀλλήλῃσι,

330 2226 463 2288 ἀλλ’
490 2228 622 2307 ἄχρι
645 2234 748 2305 τῆς
772 2230 973 2290 ἐσόδου
997 2233 1100 2290 τοῦ
1128 2232 1248 2308 ἱροῦ
1276 2229 1504 2305 ἑκατέρη
1531 2228 1734 2305 ἐσέχει,
1761 2227 1799 2303 ή
1823 2230 1927 2303 μὲν

331 2318 404 2392 τῇ
456 2316 844 2393 περιρρέουσα,
902 2316 941 2393 ἦ
995 2317 1055 2376 δὲ
1104 2320 1195 2395 τῇ,
1258 2316 1412 2393 εὖρος
1471 2319 1646 2375 ἐοῦσα
1697 2316 1927 2393 ἑκατέρη

332 2401 529 2461 ἑκατὸν
554 2402 739 2463 ποδῶν
770 2403 1021 2480 δένδρεσι
1056 2402 1376 2467 κατάσκιος·
1416 2403 1490 2464 τοὶ
1516 2404 1576 2463 δὲ
1605 2401 1928 2480 προπύλαια

330 2487 471 2566 ὕψος
500 2491 606 2567 μὲν
642 2489 773 2549 δέκα
806 2489 1068 2571 ὀργυιέων
1094 2492 1234 2561 ἐστὶ,
1258 2490 1491 2551 τύποισι
1527 2492 1586 2551 δὲ
1621 2489 1928 2569 ἑξαπήχεσι

330 2575 694 2637 ἐσκευάδαται
728 2577 939 2647 ἀξίοισι
970 2578 1166 2659 λόγου·
1211 2578 1304 2639 ε’ὁν
1329 2579 1377 2638 δ’
1405 2584 1464 2640 ἐν
1500 2579 1652 2657 μέσῃ
1683 2582 1756 2657 τῇ
1790 2578 1930 2639 πόλι

331 2662 401 2723 vd
438 2663 559 2741 ῖρόν
596 2670 899 2742 κατορᾶται
937 2665 1216 2727 πάντοθεν
1238 2666 1523 2743 περιϊόντι·
1564 2664 1664 2726 ἅτε
1689 2666 1798 2747 γὰρ
1829 2670 1930 2743 τῆς

331 2749 532 2816 πόλιος
565 2756 669 2830 μὲν
696 2755 1111 2833 ἐκκεχωσμένης
1138 2753 1286 2833 ύψοῦ
1321 2758 1421 2814 τοῦ
1459 2754 1506 2814 δ’
1536 2757 1657 2830 ἷρου
1697 2752 1764 2813 οὗ
1791 2779 1930 2813 κεκι-

332 2841 582 2917 νημένου,
612 2840 682 2905 ὥς
707 2842 954 2921 ἀρχῆθεν
980 2842 1268 2918 ἐποιήθη”’
1239 2842 1480 2902 εσοπτόν
1506 2847 1648 2902 ἐστι·
1689 2841 1931 2919 περιθέει

332 2926 379 2987 δ’
426 2928 562 2990 αὐτο
616 2956 855 3007 αιμασιη
912 2931 1337 3011 ἐγγεγλυμμένη
1381 2929 1632 2991 τύποισι·
1702 2930 1826 2989 ἔστι
1870 2928 1932 2987 δὲ

332 3016 539 3077 ἔσωθεν
612 3017 794 3081 ἅλσος
852 3017 1113 3095 δενδρέων
1170 3020 1452 3098 μεγίστων
1515 3014 1931 3093 πεφυτευμένον

331 3106 461 3182 περὶ
500 3105 635 3182 νηὸν
670 3104 880 3186 μέγαν,
900 3110 960 3165 ἐν
997 3108 1075 3184 τῷ
1114 3104 1182 3181 δή
1222 3104 1495 3187 τῶγαλμα
1535 3106 1631 3164 ἔνι·
1674 3102 1832 3180 ευρος
1869 3101 1930 3160 δὲ

335 3194 429 3249 καὶ
465 3198 645 3269 μῆκος
677 3196 779 3254 τοῦ
812 3196 933 3270 ιροῧ
972 3192 1156 3268 πάντη
1197 3192 1430 3253 σταδίου
1465 3191 1607 3251 ἐστί·
1651 3189 1791 3249 κατοὶ
1825 3189 1930 3263 μὲν

332 3274 401 3351 δὴ
426 3278 533 3355 τήν
562 3282 832 3352 ἔσοδον,’
806 3279 1125 3358 εστρωμένη
1151 3281 1278 3341 ἐστὶ
1303 3278 1431 3342 οδός
1467 3278 1631 3339 λίθου
1665 3275 1758 3335 ἐπι
1789 3298 1928 3335 στα·
