2267 3517
370 137 598 203 47-501
1014 136 1342 188 mama.
1885 140 1983 190 133

378 216 607 286 αἰδοῖον,
640 214 735 276 καὶ
770 215 935 277 κινέει
967 220 1177 293 μοῦνον
1206 218 1308 277 τοῦ
1341 215 1620 293 σώματος,
1652 215 1778 277 ἔστι
1811 216 1985 297 λόγος

376 304 507 381 περὶ
533 302 705 364 αὐτοῦ
733 302 850 380 ἶρὸς
875 302 1197 385 λεγόμενος.
1255 302 1412 380 ”Ηὸη
1439 303 1514 364 ὧν
1539 303 1717 363 δοκέει
1740 329 1841 380 μοι
1865 310 1981 363 Με-
2001 307 2077 368 49

376 388 639 467 λάμπους
666 390 697 451 6
722 390 1069 468 Ἀμυθέωνος
1102 394 1205 466 τῆς
1240 391 1441 467 θυσίης
1471 390 1674 467 ταύτης
1704 390 1804 451 οὐκ
1845 391 1985 453 εἶναι

378 477 570 554 α’δαής,
598 476 731 538 ἄλλ’
759 479 1037 557 ἔμπειρος.
1108 477 1368 554 Ἕλλησι
1391 477 1504 560 γὰρ
1531 477 1602 555 δή
1631 479 1984 556 Μελάμπους

381 566 505 626 ἐστὶ
530 565 564 626 6
591 565 1007 647 ἐξηγησάμενος
1031 568 1132 627 τοῦ
1162 566 1443 627 Διονύσου
1467 566 1536 627 τό
1560 592 1622 627 τε
1651 565 1863 645 οὔνομα
1889 568 1982 628 καὶ

376 651 481 728 τήν
508 654 711 729 θυσίην
737 654 829 712 καὶ
853 652 957 729 τὴν
988 651 1224 730 πομπὴν
1254 657 1358 714 τοῦ
1385 658 1632 730 φαλλοῦ.
1717 654 1984 733 ἀτρεκέως

376 743 481 817 μὲν
524 740 591 801 οὔ
642 739 827 801 πάντα
868 740 1185 819 συλλαβῶν
1229 740 1331 803 τόν
1371 741 1548 823 λόγον
1590 744 1782 822 ἔφῃνε·
1848 742 1982 803 ἀλλ’

380 831 435 888 οἶ
471 827 851 909 ἐπιγενόμενοι
886 828 1063 909 τούτῳ
1090 829 1372 905 σοφισταὶ
1406 829 1647 905 μεζόνως
1683 831 1978 910 ἔξέφῃναν·

376 916 476 976 τᾶν
502 915 549 975 δ’
578 914 652 976 ὧν
678 915 912 991 φαλλὸν
936 916 1037 977 τόν
1070 920 1149 995 τῷ
1175 916 1433 997 Διονύσῳ
1467 916 1829 995 πεμπόμενον
1863 924 1982 978 Με-

376 1002 636 1081 λάμπους
682 1004 807 1065 ἐστὶ
852 1003 885 1065 6
935 1003 1413 1085 κατηγησάμενος·
1484 1005 1578 1063 καὶ
1624 1003 1738 1066 ‹in-<3
1779 1005 1983 1066 τούτου

376 1090 652 1167 μαθόντες
696 1094 920 1151 ποιεῦσι
964 1090 1037 1153 τὰ
1083 1095 1312 1153 ποιεῦσι
1345 1092 1644 1168 Ἕλληνες.
1726 1092 1833 1174 ε’γιό
1877 1094 1983 1171 μέν

377 1177 475 1239 νύν
499 1184 649 1256 φημι
678 1177 1041 1256 Μελάμποδα
1068 1178 1370 1261 γενόμενον
1399 1177 1574 1256 ἄνδρα
1609 1179 1816 1256 σοφόν,
1841 1206 1978 1258 μαν-

376 1265 535 1343 τικήν
566 1292 630 1331 τε
650 1270 829 1347 ἑωυτῷ
858 1271 1170 1343 συστῆσαι,
1201 1268 1293 1327 καὶ
1334 1266 1650 1345 πυθόμενον
1679 1266 1778 1327 ἀπ’
1812 1268 1980 1349 Αἰγύ-

376 1380 521 1416 πτου
550 1354 707 1415 ἅλλα
739 1380 805 1417 τε
839 1355 1035 1416 πολλὰ
1070 1354 1473 1437 ἐσηγήσασθαι
1502 1354 1759 1433 Ἕλλησι
1795 1356 1887 1415 καὶ
1911 1356 1986 1417 τοὶ

377 1444 505 1521 περὶ
530 1469 632 1505 τον
669 1442 966 1514 Διόνυσον,
994 1441 1166 1523 ὀλίγα
1197 1441 1378 1503 αὐτῶν
1412 1442 1873 1520 παραλλάξαντα·
1916 1469 1982 1504 ου

375 1531 489 1613 γοὶρ
509 1530 578 1609 δη
599 1530 943 1609 συμπεσέειν
967 1556 1034 1612 γε
1056 1530 1252 1643 φήσωῆ
1251 1531 1324 1591 τά
1346 1556 1408 1591 τε
1435 1536 1493 1592 ἐν
1511 1530 1774 1613 Αἰγύπτῳ
1799 1531 1984 1592 ποιεύ-

374 1645 519 1698 μενα
557 1623 635 1699 τῷ
675 1621 782 1699 θειξ·
820 1618 915 1679 καὶ
952 1644 1025 1679 τα
1060 1624 1119 1679 ἐν
1158 1621 1314 1679 τοῖσι
1342 1618 1619 1695 Ἕλλησι·
1687 1618 1983 1698 ὁμότροπα

374 1707 487 1788 γοὶρ
518 1707 587 1768 ἂν
615 1706 687 1784 ἦν
720 1711 875 1768 τοῖσι
904 1705 1180 1782 Ἕλλησι,
1207 1705 1301 1765 καὶ
1337 1705 1402 1766 ού
1438 1706 1639 1767 νεωστὶ
1679 1707 1982 1788 ε’σαγμένα.

382 1798 449 1857 οὗ
481 1796 597 1874 μὴν
636 1794 763 1856 οὐδὲ
804 1794 975 1872 φήσω
1015 1793 1155 1859 ὅκως
1181 1794 1480 1876 Αἰγύπτιοι
1517 1793 1649 1872 παρ’
1688 1794 1980 1871 Ἑλλήνων

376 1883 591 1961 ἔλαβον
615 1882 653 1961 ἢ
678 1887 847 1944 τοῦτο
872 1880 910 1959 ἢ
937 1880 1087 1942 ἄλλο
1116 1881 1217 1941 κού
1242 1907 1298 1942 τι
1325 1881 1574 1959 νόμαιον·
1615 1883 1896 1944 πυθέσθαι
1921 1883 1986 1943 δέ

374 1996 475 2047 μοι
495 1972 672 2031 δοκέει
694 1971 953 2049 μάλιστα
970 1967 1324 2047 Μελάμπους
1342 1969 1414 2029 τσῖ
1434 1970 1562 2047 περὶ
1580 1968 1680 2030 τόν
1702 1968 1983 2031 Διόνυσον

376 2059 535 2135 παρὰ
565 2058 803 2136 Κάδμου
837 2084 902 2119 τε
932 2060 1035 2119 τοῦ
1075 2058 1297 2136 Τυρίου,
1325 2055 1418 2115 καὶ
1454 2060 1565 2116 τῶν
1606 2054 1716 2116 σῦν
1748 2055 1896 2135 αὐτῷ
1921 2061 1983 2117 ἐκ

378 2146 635 2221 Φοινίκης
670 2145 1015 2222 ἀπικομένων
1042 2149 1098 2210 ἐς
1134 2144 1242 2223 τὴν
1271 2148 1369 2205 νῦν
1406 2144 1677 2221 Βοιωτίην
1712 2144 1981 2221 καλεομέ-

377 2257 479 2308 νην
503 2230 710 2311 κώπην·

460 2319 675 2399 Σχεδον
709 2319 769 2380 δὲ
801 2319 895 2380 καὶ
931 2319 1117 2381 πάντα
1154 2344 1228 2382 τα
1269 2318 1552 2397 οὐνόματα
1588 2344 1700 2381 των
1741 2320 1880 2380 θεῶν
1920 2321 1983 2391 ἐξ
1996 2321 2077 2380 50

377 2408 666 2488 Αἰγύπτου
698 2407 999 2484 ἐλήλυθε’
974 2434 1029 2472 ες
1057 2408 1164 2484 τήν
1187 2408 1463 2469 Ἐλλάδα.
1546 2402 1689 2469 διότι
1726 2433 1831 2485 μεν
1868 2406 1979 2490 γοῖρ

378 2498 441 2555 ἐκ
464 2497 575 2556 τῶν
608 2494 995 2574 βαρβάρων’
956 2520 1095 2572 ηκει,
1121 2486 1532 2573 πυνθανόμενος
1567 2495 1709 2555 οὕτω
1747 2494 1983 2573 ευρίσκω

378 2579 490 2642 ε’όν·
545 2582 715 2643 δοκέω
754 2581 883 2643 δ”
843 2608 917 2643 ων
956 2582 1216 2661 μάλιστα
1256 2581 1352 2642 ἀπ’
1395 2582 1682 2664 Αἰγύπτου
1723 2582 1980 2663 α’πῖχθαι.

378 2668 468 2729 ὅτι
489 2669 599 2751 γὰρ
625 2669 697 2747 δὴ
721 2668 804 2747 μὴ
831 2670 1216 2733 Ποσειδέωνος
1251 2669 1346 2729 καὶ
1373 2669 1752 2748 Διοσκούρων,
1787 2670 1858 2734 ὦς
1890 2672 1984 2730 καὶ

378 2756 652 2835 πρότερόν
683 2783 784 2833 μοι
812 2762 989 2819 ταῦτα
1030 2783 1258 2835 ειρηται,
1293 2758 1386 2817 καὶ
1400 2756 1600 2834 Ἥρης,
1629 2758 1723 2818 καὶ
1751 2756 1978 2835 Ἱστίης,

379 2845 473 2905 καὶ
503 2846 723 2922 Θεμιος,
750 2846 842 2905 καὶ
881 2846 1158 2923 Χαρίτων,
1191 2845 1284 2905 καὶ
1311 2845 1622 2924 Νηρηΐδων,
1647 2848 1758 2907 τῶν
1790 2844 1983 2907 ἄλλων

378 2932 521 2993 θεῶν
546 2933 906 3014 Αἰγυπτίοισι
937 2935 1048 2993 αιεί
1085 2958 1214 2993 κοτε
1247 2959 1322 2993 τα
1355 2930 1638 3009 οὐνόματα
1670 2936 1854 2993 ἐστι’
1827 2958 1886 2992 εν
1909 2935 1982 3011 τῇ

376 3020 546 3101 χῶρῃ.
630 3022 781 3103 λε’γω
812 3020 871 3081 δὲ
900 3046 974 3083 τα
1008 3021 1248 3102 λέγουσι
1283 3020 1446 3081 αὐτοὶ
1475 3019 1794 3100 Αἰγύπτιοι.
1872 3044 1985 3078 των

378 3108 439 3169 δε
470 3109 536 3170 οὔ
575 3115 727 3186 φασι
766 3109 906 3170 θεῶν
951 3108 1247 3190 γινῶσκειν
1283 3133 1358 3169 τα
1397 3105 1694 3183 οὐνόματα,
1729 3103 1883 3165 οὗτοι
1923 3104 1988 3164 δέ

374 3222 478 3276 μοι
521 3198 782 3260 δοκέουσι
826 3223 939 3258 mro
992 3199 1317 3277 Πελασγῶν
1370 3193 1776 3270 ὀνομασθῆναι,
1829 3190 1984 3266 πλὴν

377 3286 780 3351 Ποσειδέωνος.
862 3286 1062 3346 τοῦτον
1114 3283 1176 3343 δε
1219 3281 1320 3343 τὸν
1371 3279 1500 3341 θεὸν
1549 3276 1704 3349 παρὰ
1755 3275 1988 3352 Λιβύων
