2267 3517
356 96 641 161 ιιι-148]
935 93 1386 144 ΜΕΛΠΟΜΕΝΗ.
1867 102 1960 149 339

355 173 599 238 ἐνδύντες
658 175 763 250 τήν
823 174 1149 255 γυναικηιην
1227 173 1460 248 ἐσθῆτα,
1534 175 1632 235 ἅτε
1707 182 1963 258 γυναῖκες

356 263 585 339 ἐξήῖσαν
624 263 741 333 ἔξω,
784 262 1120 359 ἐκφυγόντες
1161 261 1219 320 δὲ
1260 260 1447 340 τρόπῳ
1495 263 1724 343 τοιούτω
1774 265 1956 336 ἵζοντο

354 378 511 448 αυτις
536 356 591 414 ἐς
614 351 679 412 τό
707 351 1008 432 Τηυγετον.

434 440 547 499 Τὸν
571 441 630 499 δὲ
657 439 825 499 αὐτον
850 445 1048 500 τοῦτον
1073 441 1278 520 χρόνον
1295 441 1480 517 Θήρας
1507 439 1540 500 ὅ
1566 439 2054 512 Αυτεσίωνος,’147

354 532 457 587 τοῦ
499 532 839 604 Τισαμενοῦ,
877 531 978 587 τοῦ
1018 526 1396 605 Θερσάνδρου,
1430 533 1532 587 τοῦ
1574 530 1960 600 Πολυνείκεος,

354 616 593 675 ἔστελλε
646 620 702 678 ἐς
754 614 1016 690 ἀποικίην
1068 620 1128 674 ἐκ
1182 615 1614 692 Λακεδαίμονος.
1695 615 1766 692 ἦν
1819 616 1878 675 δὲ
1929 616 1964 677 ὅ

354 704 542 780 Θήρας
580 700 755 773 οὗτος,
781 703 942 782 γένος
982 703 1083 763 ε’ὣν
1110 703 1409 779 Καδμεῖος,
1437 708 1538 779 τῆς
1562 703 1775 781 μητρός
1801 703 1960 764 ἀδελ-

356 791 493 865 φεός
517 796 671 850 τοῖσι
694 789 1110 868 Ἀριστοδήμου
1138 791 1322 860 παισὶ,
1337 791 1681 867 Εὐρυσθένεϊ
1701 793 1792 850 καὶ
1810 799 1959 869 Προ-

356 880 499 937 κλέῖ·
544 876 743 938 ἐόντων
772 877 819 937 δ’
848 879 928 938 ἔτι
959 883 1072 938 τῶν
1100 878 1312 937 παίδων
1346 877 1556 939 τούτων
1590 880 1816 954 νηπίων,
1846 884 1958 937 ε’πι-

353 966 627 1041 τροπαίην
666 966 782 1044 εἶχε
816 965 848 1025 ὁ
889 965 1079 1042 Θήρας
1112 965 1218 1041 τήν
1250 969 1308 1025 ε’ν
1350 965 1584 1044 Σπάρτῃ
1625 967 1959 1042 βασιληίην·

356 1053 697 1128 αὐξηθέντων
737 1053 797 1112 δὲ
834 1056 947 1113 τῶν
988 1053 1334 1129 ἀδελφιδέων
1375 1052 1468 1112 καὶ
1511 1052 1958 1130 παραλαβόντων

354 1139 457 1214 τὴν
492 1139 691 1246 αρχὴνξ
721 1140 864 1200 οὕτω
892 1139 1021 1214 δη“
988 1167 1021 1200 ο
1058 1132 1250 1217 Θήρας
1286 1139 1464 1200 δεινὸν
1500 1141 1828 1218 ποιεύμενος
1863 1139 1956 1218 ἅρ-

354 1226 624 1305 χεσθαι”
590 1227 683 1287 υπ’
712 1227 957 1288 αλλων’
932 1229 1059 1287 επεί
1087 1254 1150 1288 τε
1178 1227 1451 1306 ἐγεύσατο
1484 1226 1679 1306 αρχῆς,
1707 1227 1807 1287 οὐκ
1845 1229 1955 1304 ἔφη

354 1317 539 1389 μενεῖν
582 1320 638 1374 ἐν
677 1317 750 1393 τῇ
790 1315 1181 1391 Λακεδαίμονι,
1225 1313 1358 1373 ἀλλ’
1401 1314 1872 1376 ἀποπλεύσεσθαι
1905 1321 1958 1378 ἐς

353 1427 484 1464 τους
510 1403 835 1483 συγγενέας.
902 1401 1053 1478 ἦσαν
1080 1402 1193 1461 δὲ’
1167 1428 1225 1462 εν
1250 1406 1323 1482 τῇ
1350 1406 1447 1463 νῦν
1463 1402 1621 1482 Θήρῃ
1648 1404 1958 1481 καλεομένη

354 1488 507 1568 νήσῳ
542 1489 817 1567 πρότερον
850 1489 910 1548 δὲ
944 1490 1254 1568 Καλλίστῃ
1294 1494 1368 1568 τῇ
1407 1489 1550 1568 αὐτῇ
1589 1489 1781 1568 ταύτῃ,
1821 1489 1956 1550 οἷπό-

352 1601 511 1656 γονοι
550 1576 939 1654 Μεμβλιάρεω
978 1581 1079 1638 τοῦ
1123 1579 1406 1636 Ποικίλεω
1447 1577 1646 1655 άνδρος
1685 1579 1954 1642 Φοίνικος.

355 1663 587 1738 Κάδμος
620 1691 731 1746 γαρ
772 1666 804 1724 ὁ
837 1663 1144 1746 Ἀγήνορος
1167 1663 1444 1742 Εὐρώπην
1469 1664 1754 1740 διζήμενος
1779 1690 1955 1740 προσ-

355 1751 490 1830 έσχε
530 1757 583 1816 ἐς
618 1779 723 1828 την
754 1757 853 1812 νῦν
892 1752 1081 1829 Θήρην
1129 1753 1491 1829 καλεομένην·
1545 1751 1857 1829 προσχόντι
1897 1751 1956 1810 δὲ

354 1839 462 1898 εἴτε
499 1840 567 1914 δή
600 1867 654 1899 οι
693 1839 733 1915 ἦ
772 1839 925 1918 χώρη
967 1840 1140 1917 ἤρεσε
1184 1839 1293 1899 εἴτε
1337 1839 1430 1898 καὶ
1475 1837 1664 1902 ἄλλως
1703 1838 1960 1946 ἠθέλησε

352 1929 589 2002 ποιῆσαι
628 1930 815 1987 τοῦτο·
863 1927 1187 1987 καταλείπει
1221 1925 1332 2005 γάρ
1375 1929 1434 1985 ἐν
1472 1929 1543 2003 τῇ
1583 1924 1736 2003 νήσω
1762 1925 1952 2031 Αταύτῃ

353 2011 565 2076 ἄλλους
588 2039 651 2074 τε
676 2018 786 2074 τῶν
812 2017 1079 2074 Φοινίκων
1106 2014 1200 2073 καὶ
1231 2014 1299 2088 δη
1338 2013 1430 2071 καὶ
1453 2017 1562 2072 τῶν
1588 2015 1789 2071 ἑωυτοῦ
1816 2037 1952 2094 συγ-

350 2101 552 2180 γενέων
578 2088 998 2179 Μεμβλίαρον·
1018 2100 1173 2162 οὗτοι
1199 2103 1459 2177 ἐνέμοντο
1483 2125 1590 2176 την
1615 2099 1954 2210 Καλλίστην

354 2189 695 2264 καλεομένην
750 2188 840 2247 επὶ
884 2214 1093 2268 γενεας,
1145 2213 1276 2264 πριν
1321 2186 1359 2264 ἢ
1409 2186 1600 2263 Θήραν
1653 2186 1837 2246 ἐλθεῖν
1892 2191 1952 2245 ἐκ

350 2273 838 2351 Λακεδαίμονος,’
806 2301 951 2335 οκτω
976 2274 1206 2353 οἷνδρῶν.
1273 2274 1405 2334 Ἑπι
1428 2300 1656 2337 τουτους
1681 2271 1820 2350 δη’
1781 2299 1853 2332 ων
1879 2272 2047 2334 6148

350 2362 554 2456 Θήρας,
585 2363 794 2424 λαὸν”’
764 2389 903 2442 εχων
934 2362 1046 2422 ἄπο
1082 2367 1192 2423 τῶν
1226 2365 1466 2439 φυλέων,
1493 2362 1730 2422 ἔστελλε
1766 2387 1949 2421 συνοι-

350 2449 539 2557 κήσων
572 2449 841 2522 τούτοισι,
876 2450 968 2509 καὶ
1010 2450 1265 2526 ουδαμῶς
1305 2449 1510 2518 ἐξελῶν
1553 2449 1750 2512 αὐτους
1793 2447 1949 2508 άλλοὶ

351 2537 525 2612 κάρτα
574 2536 965 2614 οἶκηῖεύμενος.
1034 2540 1160 2597 ε’πεί
1196 2562 1260 2597 τε
1299 2536 1360 2596 δὲ
1399 2537 1492 2596 καὶ
1533 2540 1586 2596 οἱ
1621 2536 1834 2597 Μινύαι
1869 2542 1952 2595 ἐκ·

350 2624 573 2701 δράντες
600 2630 661 2686 ἐκ
684 2629 786 2701 τῆς
812 2628 1007 2703 ἑρκτῆς
1032 2627 1214 2696 ἵζοντο
1243 2630 1296 2690 ἐς
1315 2624 1382 2685 τό
1401 2624 1698 2707 Τηΰγετον,
1712 2629 1823 2685 τῶν
1836 2631 1949 2684 Λα-

350 2711 705 2791 κεδαιμονίων
733 2714 1160 2791 βουλευομένων
1184 2717 1368 2791 σφέας
1394 2711 1725 2784 ἀπολλύναι,
1754 2739 1950 2790 παραι-

346 2799 530 2860 τέεται
569 2799 601 2860 ὁ
638 2799 827 2876 Θήρας
863 2800 1001 2864 ὅκως
1035 2800 1179 2877 μήτε
1212 2799 1386 2878 φόνος
1410 2800 1656 2882 γένηται,
1685 2800 1852 2863 αὐτός
1889 2824 1952 2860 τε

346 2885 642 2948 ὖπεδέκετό
680 2894 867 2963 σφεας
907 2887 1120 2958 ἐξάξειν
1160 2894 1222 2948 ἐκ
1261 2892 1363 2964 τῆς
1383 2925 1392 2934 ·
1403 2886 1606 2967 χώρης·
1661 2913 1949 2968 συγχωρη-

347 2973 567 3035 σάντων
594 2976 653 3034 δὲ
678 2979 751 3054 τῇ
774 2975 967 3057 γνώμῃ
992 2979 1105 3036 τῶν
1128 2975 1595 3052 Λακεδαιμονίων,
1623 2975 1778 3053 τρισὶ
1800 2999 1951 3051 τριη-

348 3063 663 3140 κοντέροισι
698 3067 755 3126 ἐς
788 3063 917 3128 τοῦς
948 3062 1338 3141 Μεμβλιάρεω
1369 3062 1680 3143 ἀπογόνους
1707 3063 1944 3130 ἔπλωσε,

347 3149 471 3212 οὔτι
504 3149 717 3216 πάντας
753 3150 903 3234 ἄγων
933 3150 1063 3216 τοῦς
1102 3151 1338 3220 Μινύας,
1364 3149 1495 3209 ἀλλ’
1524 3149 1753 3231 ὀλίγους
1776 3150 1956 3214 τινάς«·’

347 3242 403 3300 οἶ
424 3240 537 3323 γάρ
564 3244 799 3304 πλεῦνες
824 3239 1005 3300 αὐτῶν
1021 3238 1328 3318 ἐτράποντο
1355 3242 1410 3300 ἐς
1426 3235 1558 3300 τούς
1577 3237 1952 3316 Παρωρεάτας

2118 3316 2170 3342 Δ·
