2267 3517
305 141 371 185 9ss
924 138 1289 188 ‘HPOAomo'r
1827 138 1898 202 [Ι.

299 216 547 293 κατάπερ
572 217 612 292 ἦ
636 218 933 298 Αἰγυπτίη,
962 218 1369 293 κατατέτμηται
1399 221 1455 279 ἐς
1481 214 1769 297 διώρυχας·
1811 220 1904 278 καὶ

297 302 337 379 ἦ
382 305 625 385 μεγίστη
664 309 773 365 τῶν
813 304 1089 384 διαψύχων
1138 305 1261 363 ἐστὶ
1302 304 1720 381 νηυσιπέρητος,
1761 305 1910 382 πρός

298 390 463 467 ἥλιον
486 393 834 469 τετραμμένη
858 393 958 451 τὸν
976 390 1308 472 χειμερινόν·
1343 392 1528 469 ἐσέχει
1554 390 1614 449 δὲ
1641 396 1694 453 ἐς
1719 390 1905 453 ἄλλον

298 477 552 555 ποταμόν
593 483 653 537 ἐκ
691 484 793 540 τοῦ
832 478 1157 556 Εὐφρήτεω,
1193 482 1248 542 ἐς
1285 477 1384 538 τὸν
1419 478 1629 558 Τίγριν,
1669 478 1800 556 παρ’
1837 479 1903 541 ὃν

298 570 470 629 Νῖνος
494 565 660 629 πόλις
697 568 905 644 οἴκητο·
947 568 1069 627 ἔστι
1106 567 1166 626 δὲ
1205 566 1424 645 χωρέων
1464 564 1602 641 αὕτη
1639 564 1903 629 ἁπασέων

298 658 491 733 μακρῷ
536 652 740 731 ἀρίστη
782 659 893 715 τῶν
932 653 1094 729 ἡμεῖς
1141 653 1298 731 ἴδμεν
1341 652 1641 730 Δήμητρος
1688 654 1902 731 καρπὸν

298 744 568 820 ἐκφέρειν·
624 743 697 803 τσῖ
736 743 848 825 γάρ
893 742 960 819 δή
1003 741 1160 801 ἄλλα
1205 741 1429 818 δένδρεα
1477 740 1604 801 οὐδὲ
1643 747 1900 820 πειρᾶται

298 829 477 911 ἀρχὴν
504 832 709 909 φέρειν,
732 831 858 891 οὔτε
878 830 1083 905 συκέην
1104 828 1232 889 οὔτε
1252 828 1507 904 ἄμπελον
1533 828 1660 889 οὔτε
1687 831 1898 907 ἐλαίην·

295 916 395 978 τὸν
434 918 494 978 δὲ
530 924 632 995 τῆς
673 918 971 997 Δήμητρος
1012 915 1227 994 καρπὸν
1269 914 1371 975 ὧδε
1412 915 1597 997 ἀγαθή
1647 918 1900 996 ἐκφέρειν

296 1006 437 1077 ἐστὶ,
479 1004 625 1066 ὥστε
662 1007 752 1065 ἐπὶ
783 1006 1042 1083 διηκόσια
1075 1007 1180 1082 μὲν
1214 1003 1280 1064 vd
1322 1003 1590 1080 παράπαν
1626 1004 1896 1077 ἀποδιδοῖ,

297 1093 465 1154 ἐπεοῖν
498 1094 557 1155 δὲ
595 1092 801 1173 ἄριστα
836 1093 977 1169 αὖτή
1016 1097 1218 1169 ἑωυτῆς
1245 1092 1438 1172 ἐνείκῃ,
1481 1092 1572 1151 ἐπὶ
1602 1094 1898 1170 τριηκόσια

296 1182 536 1259 ἐκφέρει·
577 1182 650 1243 τά
684 1183 743 1242 δὲ
776 1181 975 1259 φύλλα
1008 1179 1204 1241 αὐτόθι
1234 1183 1344 1240 τῶν
1373 1205 1432 1239 τε
1459 1183 1646 1257 πυρῶν
1673 1182 1764 1240 καὶ
1788 1187 1898 1243 τῶν

298 1270 525 1347 κριθέων
553 1270 621 1330 τό
651 1268 868 1332 πλάτος
895 1270 1105 1351 γίνεται
1144 1269 1429 1345 τεσσέρων
1470 1266 1734 1331 εὐπετέως
1771 1269 1896 1329 δακ-

294 1356 494 1416 τύλων·
538 1362 599 1416 ἐκ
632 1357 691 1416 δὲ
724 1358 962 1439 κέγχρου
996 1356 1088 1415 καὶ
1119 1356 1387 1433 σησάμου
1413 1354 1552 1416 ὅσον
1583 1382 1640 1416 τι
1673 1356 1897 1435 δένδρον

294 1443 541 1525 μέγαθος
581 1446 795 1525 γίνεται
834 1442 1264 1519 ἐξεπιστάμενος
1303 1442 1527 1521 μνήμην
1561 1442 1626 1503 οὖ
1659 1445 1895 1521 ποιήσο-

293 1556 413 1608 μαι,
457 1531 517 1591 εὖ
550 1532 700 1595 εἰδῶς
729 1531 817 1592 ὅτι
845 1535 999 1592 τοῖσι
1038 1531 1119 1609 μὴ
1162 1530 1522 1612 ἀπιγμένοισι
1555 1536 1612 1595 ἐς
1649 1532 1753 1608 τήν
1785 1540 1895 1593 Βα-

294 1619 578 1696 βυλωνίην
603 1618 792 1699 χώρην
819 1620 911 1679 καὶ
939 1619 1011 1679 τά
1039 1618 1297 1697 εἰρημένα
1325 1623 1547 1697 καρπῶν
1575 1620 1814 1699 ἐχόμενα
1840 1627 1896 1685 ἐς

294 1705 560 1784 α’πιστίην
586 1707 811 1783 πολλὴν
835 1705 1082 1779 οἷπῖκται.
1153 1707 1412 1785 χρέονται
1437 1706 1497 1765 δὲ
1524 1706 1681 1768 οῦδὲν
1709 1710 1892 1790 ἐλαίῳ,

295 1794 425 1854 ἀλλ’
467 1800 527 1854 ἐκ
565 1800 677 1856 τῶν
716 1795 991 1873 σησάμων
1029 1800 1328 1859 ποιεῦντες.
1397 1794 1508 1855 εἶσὶ
1533 1794 1596 1854 δέ
1630 1802 1743 1872 σφι
1770 1799 1892 1873 φοί·-

292 1908 435 1947 νικες
468 1882 777 1960 πεφυκότες
816 1882 922 1945 dvo}
950 1888 1063 1943 πᾶν
1098 1882 1166 1943 τό
1202 1884 1408 1954 πεδίον,
1443 1886 1498 1943 οἱ
1532 1886 1765 1948 πλεῦνες
1799 1884 1893 1945 αὖ·

291 1976 400 2033 τῶν
442 1972 810 2051 καρποφόροι,
860 1978 921 2032 ἐκ
964 1976 1074 2033 τῶν
1126 1972 1220 2032 καὶ
1271 1974 1428 2032 σιτία
1474 1971 1567 2030 καὶ
1609 1971 1758 2033 οἶνον
1799 1976 1892 2035 καὶ

289 2059 425 2138 μέλι
465 2066 767 2123 ποιεῦνται·
827 2060 958 2124 τοῦς
998 2062 1212 2123 συκέων
1251 2060 1462 2138 τρόπον
1503 2060 1889 2137 θεραπεύουσι,

290 2147 363 2208 τά
400 2176 463 2210 τε
504 2148 673 2220 ἄλλα,
724 2149 817 2209 καὶ
860 2150 1123 2225 φοινίκων
1173 2147 1303 2212 τούς
1355 2149 1581 2225 ἔρσενας
1612 2146 1892 2225 Ἕλληνές

290 2238 573 2309 καλέουσι,
599 2236 807 2298 τούτων
830 2263 929 2298 τον
956 2236 1172 2315 καρπόν
1201 2236 1518 2314 πέριδέουσι
1541 2239 1679 2315 τῇσι
1702 2238 1890 2313 βαλα-

290 2322 591 2402 νηφόροισι
615 2350 724 2384 των
752 2325 1086 2400 φοινίκων,’
1061 2350 1151 2385 ινα
1174 2325 1416 2403 πεπαίνῃ
1454 2323 1520 2384 τέ
1549 2331 1662 2400 σφι
1699 2324 1734 2385 ὁ
1775 2325 1890 2403 ψήν

287 2411 391 2487 τήν
428 2411 687 2487 βάλανον
727 2412 968 2473 ἐσδύνων
1009 2412 1100 2471 καὶ
1139 2438 1221 2487 μη
1262 2411 1508 2491 ἀπορρέῃ
1547 2438 1580 2472 ο
1622 2412 1830 2489 καρπὸς
1854 2413 1888 2474 o‘

288 2502 388 2557 τοΐ
415 2499 681 2573 φοίνικος·
724 2503 904 2577 ψῆνας
930 2497 1041 2580 γοῖρ
1080 2499 1149 2581 δή
1189 2499 1519 2576 φορέουσι’
1493 2525 1551 2559 εν
1580 2503 1658 2579 τῷ
1696 2504 1889 2581 καρπῷ

290 2588 344 2645 οἱ
373 2586 605 2663 ἔρσενες,
635 2586 880 2665 κατάπερ
908 2587 975 2663 δη
960 2586 975 2609 “
1003 2589 1057 2646 οἱ
1082 2578 1329 2647 ὄλυνθοι.

199 2675 312 2733 194
391 2673 470 2733 Το
512 2673 572 2733 δὲ
612 2672 867 2735 απάντων
910 2675 1104 2751 θῶυμα
1147 2672 1419 2755 μέγιστόν
1462 2674 1568 2752 μοί
1581 2684 1587 2691 ”
1614 2679 1739 2736 ἐστι
1777 2680 1888 2737 τῶν

284 2759 458 2840 ταύτῃ
498 2757 641 2839 μετά
679 2788 746 2843 γε
787 2761 958 2839 αὐτὴν
996 2761 1102 2837 τήν
1141 2761 1328 2833 πόλιν,
1363 2762 1598 2841 ἔρχομαι
1629 2763 1884 2841 φράσων.

285 2848 359 2909 τοὶ
382 2852 560 2909 πλοῖα
585 2848 810 2910 αὐτοῖσί
838 2856 961 2911 ἐστι
989 2848 1062 2910 τοὶ
1088 2849 1230 2921 κατὰ
1253 2849 1352 2909 τὸν
1377 2850 1632 2927 ποταμόν
1656 2850 1884 2929 πορευό-

282 2963 425 3015 μενα
466 2942 520 3001 ἐς
558 2936 664 3014 τήν
705 2939 1041 3014 Βαβυλῶνα,
1100 2936 1262 2998 ἐόντα
1304 2938 1654 3016 κυκλοτερέα,
1701 2938 1887 3000 πάντα

284 3025 534 3086 σκύτινα·
578 3024 746 3085 ε’πεσῖν
770 3025 881 3106 γὰρ
914 3030 973 3086 ἐν
1005 3030 1160 3086 τοῖσι
1181 3025 1528 3103 Ἀρμενίοισι
1562 3030 1717 3086 τοῖσι
1757 3052 1885 3086 κατ-

283 3112 487 3192 ύπερθε
503 3112 820 3190 Ἀσσυρίων
838 3114 1183 3190 οἰκημένοισι
1198 3115 1398 3192 νομέας
1416 3114 1560 3189 ἰτέης
1579 3112 1885 3190 ταμόμενοι

281 3200 641 3277 ποιήσωνται,
680 3201 1052 3277 περιτείνουσι
1090 3200 1345 3261 τούτοισι
1379 3201 1646 3277 διφθέρας
1682 3223 1883 3280 στεγα-

284 3289 513 3367 στρίδας
544 3289 741 3361 ἔξωθεν
776 3286 1011 3363 ἐδάφεος
1040 3286 1265 3367 τρόπον,
1299 3287 1426 3349 οὔτε
1456 3286 1711 3363 πρύμνην
1743 3284 1882 3345 αἶπο-

2247 2310 2256 2439 „Q—
