2267 3517
339 159 558 225 93--98J
1010 157 1281 207 eAAEIA.
1830 155 1929 205 249

334 265 425 300 τοι
448 242 550 299 τοῧ
573 236 796 317 χρόνου,
820 237 912 296 καὶ
939 233 1051 296 <ivd
1079 234 1265 310 νήσων
1288 231 1531 312 προσ-ἤϊε
1554 232 1733 296 ἄλλος
1759 231 1937 310 φόρος

339 328 432 386 καὶ
460 331 571 387 τῶν
608 331 668 386 ἐν
690 329 762 404 τῇ
787 323 1031 402 Εύρῶπῃ
1056 324 1227 401 μέχρι
1252 321 1580 398 Θεσσαλίης
1616 319 1935 397 οἰκημένων.

336 418 536 474 τοῦτον
579 411 682 473 τᾶν
726 411 909 488 φόρον
963 410 1285 488 θησαυρίζει
1338 409 1371 468 ὅ
1422 408 1717 488 βασιλεὺς,
1748 407 1938 488 τρόπῳ

337 501 546 580 τοιῷδε·
575 506 632 564 ἐς
650 500 846 563 πίθους
867 498 1192 576 κεραμίνους
1209 495 1381 573 τήξας
1402 496 1675 575 καταχέει·
1708 495 1940 571 πλήσας

341 587 402 647 δὲ
425 588 492 648 τὰ
518 587 707 670 ἄγγος,
733 588 1032 664 περιαιρέει
1056 585 1158 646 τὸν
1184 585 1443 662 κέραμον·
1486 583 1653 645 ἐπεαν
1680 583 1739 642 δὲ
1764 583 1935 664 δεηθῇ

339 674 655 754 χρημάτων,
701 674 1036 736 κατακόπτει
1074 677 1321 733 ’τοσοῦτο
1366 671 1509 733 ὅσου
1555 669 1625 733 αν
1672 670 1941 733 ἑκάστοτε

341 763 548 840 δέηται.

422 848 600 911 Αῧται
622 851 727 928 μέν
750 877 849 912 νυν
867 848 1044 929 ἀρχαί
1060 874 1123 908 τε
1149 847 1299 925 ἦσαν
1320 847 1412 906 καὶ
1433 847 1622 926 φόρων
1643 845 1931 918 ἐπιτάξιες.
1952 850 2028 910 97

343 938 380 1013 ἦ
396 941 612 1016 Περσὶς
631 940 691 999 δὲ
709 938 866 1019 χώρη
884 937 1064 1014 μούνη
1078 962 1179 1013 μοι
1196 933 1297 996 οὔκ
1318 935 1530 1014 εἴρηται
1550 935 1937 1012 δασμοφόρος·

343 1024 546 1086 ἀτελέα
570 1028 682 1108 γσῖρ
710 1028 934 1104 Πέρσαι
965 1024 1226 1101 νέμονται
1250 1023 1455 1102 χώρην.
1523 1023 1641 1082 οἵδε
1673 1022 1733 1082 δὲ
1760 1022 1939 1098 φόρον

341 1117 447 1190 μὲν
499 1114 694 1175 οὐδένα
745 1113 1066 1191 ἐτάχθησαν
1118 1112 1328 1189 φέρειν,
1383 1110 1534 1188 δῶρα
1586 1111 1647 1169 δὲ
1698 1109 1937 1191 ἀγίνεον·
1982 1116 2000 1126 ’

345 1202 609 1264 Αἰθίοπες
653 1204 708 1261 οἱ
752 1200 1065 1278 πρόσουροι
1110 1198 1391 1280 Αἰγύπτῳ,
1437 1198 1567 1261 τούς
1613 1197 1941 1275 Καμβύσης

346 1287 590 1348 ἐλαύνων
625 1290 718 1348 ἐπὶ
758 1286 888 1351 τοῦς
928 1288 1297 1364 Μακροβίους
1337 1287 1610 1349 Αἰθίοπας
1649 1285 1940 1362 κατεστρέ-

347 1383 514 1454 ψατο·
548 1376 602 1436 οἳ
625 1376 760 1453 περί
776 1400 840 1435 τε
863 1374 1068 1451 Νύσην
1092 1373 1197 1450 τήν
1226 1373 1348 1451 ἱρὴν
1375 1374 1727 1450 κατοίκηνται
1754 1375 1845 1433 καὶ
1864 1377 1941 1454 τῷ

348 1463 606 1545 Διονύσῳ
647 1462 920 1545 ἀνάγουσι
957 1463 1059 1526 ταὶς
1097 1462 1282 1540 ὁρτάς.
1366 1459 1522 1522 οὗτοι
1560 1465 1616 1522 οἱ
1656 1462 1934 1537 Αἰθίοπες,

346 1552 440 1612 καὶ
467 1555 521 1612 οἶ
545 1552 934 1631 πλησιόχωροι
957 1549 1229 1621 τούτοισι,
1251 1550 1535 1628 σπέρματι
1553 1552 1657 1628 μὲν
1676 1550 1944 1660 χρέωνται

343 1644 422 1722 τῷ
457 1640 604 1721 αύτιῖ
636 1647 714 1721 τῷ
749 1640 841 1700 καὶ
883 1641 938 1699 οἱ
981 1638 1301 1699 Καλαντίαι
1340 1637 1526 1698 Ἰνδοί·
1570 1639 1843 1715 οἰκήματα
1884 1637 1945 1698 δὲ

345 1731 599 1807 ἔκτηνται
635 1728 929 1810 κατάγαια·
972 1752 1128 1787 ουτοι
1167 1725 1587 1804 συναμφότεροι
1626 1725 1718 1786 διαὶ
1754 1727 1943 1803 τρίτου

345 1819 495 1881 ἔτεος
526 1815 761 1898 ἀγίνεον,
798 1815 1085 1898 ἀγινέουσι
1117 1814 1179 1874 δὲ
1220 1815 1312 1874 καὶ
1346 1841 1414 1874 το
1449 1814 1619 1893 μέχρι
1660 1819 1807 1891 ἐμεῦ,
1840 1813 1945 1874 δύο

345 1907 592 1982 χοίνικας
631 1905 846 1983 ἀπύρου
883 1904 1141 1982 χρυσίου,
1184 1903 1277 1961 καὶ
1316 1902 1602 1978 διηκοσίας
1642 1901 1945 1983 φάλαγγας

349 1993 563 2067 ἐβένου,
599 1995 691 2051 καὶ
731 1993 896 2051 πέντε
937 1991 1139 2055 παῖδας
1175 1991 1464 2063 Αἰθίοπας,
1505 1990 1597 2048 καὶ
1640 1990 1945 2065 ἐλέφαντος

348 2076 578 2142 ὀδόντας
615 2079 898 2160 μεγάλους
937 2079 1134 2139 εἴκοσι.
1220 2077 1446 2157 Κόλχοι
1486 2077 1547 2137 δὲ
1587 2076 1848 2146 ἐτάξαντο
1888 2082 1945 2141 ἐς

348 2164 453 2240 τήν
479 2165 700 2242 δωρεὴν,
729 2167 822 2225 καὶ
857 2169 913 2227 οἱ
947 2166 1256 2246 προσεχέες
1284 2169 1453 2245 μέχρι
1482 2169 1585 2225 τοῦ
1622 2163 1947 2231 Καυκάσιος

350 2250 558 2330 οὔρεος·
591 2259 648 2318 ἐς
671 2257 838 2314 τοῦτο
860 2253 972 2335 γάρ
993 2254 1060 2314 τὰ
1087 2255 1249 2332 οὖρος
1274 2254 1384 2314 §ard
1411 2254 1677 2333 Πέρσῃσι
1696 2251 1943 2332 ἄρχεται·

346 2342 420 2402 τά
451 2341 512 2400 δὲ
540 2341 680 2418 πρός
713 2344 901 2419 βορῆν
936 2341 1142 2419 ἄνεμον
1171 2346 1275 2402 τοῦ
1313 2342 1637 2406 Καυκάσιος
1678 2342 1946 2419 Περσέων

350 2428 562 2489 ούδέν”
533 2453 612 2490 ετι
639 2431 937 2507 φροντίζει.
1005 2427 1162 2490 οὗτοι
1194 2429 1267 2490 ὧν
1294 2430 1442 2508 δῶρα
1468 2456 1541 2490 τα
1568 2429 1895 2499 ἐτάξαντο”
1866 2453 1946 2490 ετι

350 2517 442 2576 καὶ
479 2522 534 2580 ἐς
570 2521 668 2595 ἐμὲ
707 2517 799 2577 διά
833 2516 1285 2594 πεντετηρίδος’
1249 2518 1485 2599 αγίνεον,
1520 2542 1714 2577 εκατον
1744 2517 1945 2580 παῖδας

349 2606 442 2664 καὶ
483 2631 679 2666 εκατον
713 2606 1038 2683 παρθένους
1105 2604 1370 2682 Ἀράβιοι
1406 2606 1466 2665 δὲ
1500 2606 1663 2685 χίλια
1697 2604 1947 2665 τάλαντα

349 2692 570 2774 ἀγίνεον
605 2695 926 2769 λιβανωτοῦ
960 2692 1066 2754 dvo?
1099 2697 1215 2752 πᾶν
1247 2694 1385 2757 ἔτος.
1451 2697 1628 2753 ταῦτα
1660 2693 1764 2771 μὲν
1796 2689 1947 2753 οὗτοι

349 2781 499 2857 δῶρα
522 2781 704 2858 πάρεξ
724 2786 826 2841 τοῦ
853 2781 1034 2859 φόρου
1059 2781 1303 2857 βασιλέϊ
1329 2779 1601 2858 ἐκόμιζον.

431 2869 546 2930 'mv
580 2870 640 2929 δὲ
674 2869 890 2949 χρυσόν
923 2874 1123 2930 τοῦτον
1156 2868 1258 2931 τόν
1292 2868 1515 2928 πολλὸν
1552 2871 1607 2928 οἱ
1644 2867 1825 2937 Ἰνδοὶ,
1853 2865 1949 2926 ἀπ’
1967 2869 2045 2926 98

351 2954 417 3018 οὗ
455 2958 523 3019 τό
565 2961 768 3039 ψῆγμα
805 2961 884 3038 τῷ
922 2958 1167 3034 βασιλέϊ
1204 2956 1271 3018 τό
1315 2956 1601 3036 εἰρημένον
1642 2956 1948 3032 κομίζουσι,

347 3045 537 3127 τρόπῳ
561 3046 752 3126 τοιῷδε
787 3047 1063 3106 κτέωνται·
1107 3048 1229 3105 ἔστι
1260 3049 1365 3122 τῆς
1396 3043 1631 3118 Ἰνδικῆς
1666 3041 1852 3121 χώρης
1882 3040 1949 3100 τό

350 3134 493 3211 πρὸς
517 3135 683 3211 ἥλιον
708 3133 1016 3215 ἀνίσχοντα
1041 3133 1288 3213 ψάμμος·
1320 3137 1430 3193 τῶν
1455 3157 1564 3211 γαρ
1590 3130 1750 3208 ημεῖς
1777 3130 1979 3206 ιδμεν,-

349 3226 461 3284 τῶν
487 3223 580 3283 καὶ
605 3223 733 3302 πέρι
759 3222 980 3300 α’τρεκές
1003 3248 1060 3283 τι
1086 3224 1327 3301 λέγεται,
1349 3223 1558 3296 πρῶτοι
1584 3242 1726 3292 προς
1752 3215 1833 3290 ’1Ῑῶ
1861 3215 1953 3273 καὶ

350 3310 520 3390 ἡλίου
548 3312 825 3376 α’νατολοὶς
857 3311 1102 3371 οἰκέουσι
1133 3307 1436 3385 ἀνθρωπων
1462 3307 1571 3364 τῶν
1598 3308 1656 3363 ἐν
1685 3307 1757 3381 τῇ
1787 3301 1955 3379 Ἀσίῃ

510 3399 572 3445 20
