2267 3517
351 103 631 167 τρι-125]
914 101 1368 153 ΜΕΛΠΟΜΕΝΗ.
1851 109 1944 156 329

350 185 438 242 διοί
464 189 565 258 τῆς
592 186 864 258 Σκυθικῆς
890 182 981 240 καὶ
1006 186 1106 259 τῆς
1133 183 1546 259 Σαυρομάτιδος
1580 185 1781 263 χώρης,
1810 189 1862 245 οἶ
1890 187 1949 245 δὲ

350 273 503 352 εἶχον
534 271 693 332 οὐδὲν
718 271 996 340 σίνεσθαι,
1024 271 1123 330 ἅτε
1148 275 1249 347 τῆς
1280 271 1465 350 χώρης
1491 272 1692 348 ἐούσης
1716 275 1946 352 χέρσου·

350 365 475 422 ἐπεί
510 388 572 423 τε
612 363 672 421 δὲ
712 365 769 425 ἐς
805 361 909 438 τήν
945 365 1058 421 τῶν
1104 361 1382 421 Βουδίνων
1420 362 1607 441 χώρην
1647 364 1947 438 ἐσέβαλον,

350 453 589 511 ἐνθαῦτα
622 450 693 526 δὴ
733 449 1049 528 ἐντυχόντες
1073 452 1152 528 τῷ
1176 449 1377 530 ξυλίνῳ
1413 451 1600 528 τείχεϊ,
1629 452 1950 511 ἐκλελοιπό-

347 565 456 599 των
486 543 596 598 τῶν
626 538 903 598 Βουδίνων
930 538 1022 596 καὶ
1060 538 1428 613 κεκενωμένου
1453 542 1553 597 τοῦ
1579 539 1790 617 τείχεος
1815 538 1951 599 πάν-

347 653 473 698 των,
511 626 826 704 ἐνέπρησαν
858 625 1013 686 αύτό·
1054 629 1224 686 τοῦτο
1260 626 1319 684 δὲ
1352 626 1690 701 ποιήσαντες
1731 626 1952 687 εἵποντο

350 717 457 774 αἰεὶ
482 714 549 775 τό
576 714 773 792 πρόσω
800 713 941 773 κατὰ
967 715 1193 790 στίβον,
1214 719 1268 776 ἐς
1295 713 1327 772 ὃ
1355 713 1725 783 διεξελθόντες
1748 714 1955 789 ταύτην

352 807 408 866 ἐς
440 803 545 878 τὴν
576 805 789 880 ἐρῆμον
821 800 1105 861 ἀπίκοντο·
1149 801 1187 877 ἦ
1219 801 1279 860 δὲ
1313 805 1516 878 ἐρῆμος
1552 800 1690 876 αὕτη
1727 801 1838 862 ὖπὸ
1867 801 1954 861 οὔ·

352 891 543 968 δαμῶν
566 891 791 968 νέμεται
816 888 1048 966 ἀνδρῶν·
1090 889 1274 948 κέεται
1301 889 1360 946 δὲ
1386 889 1524 963 ὑπὲρ
1550 893 1651 963 τῆς
1676 889 1954 950 Βουδίνων

350 978 535 1056 χώρης
561 983 735 1038 ἐοῦσα
760 977 980 1053 πλῆθος
1006 977 1146 1036 ἐπτοὶ
1171 975 1420 1053 ἡμερέων
1438 975 1588 1036 ὁδοῦ·
1620 975 1759 1052 ὑπὲρ
1780 977 1840 1036 δὲ
1853 982 1954 1053 τῆς

354 1065 561 1142 ἐρήμου
602 1065 966 1145 Θυσσαγέται
1006 1065 1271 1123 οἰκέουσι·
1311 1063 1557 1141 ποταμοὶ
1589 1064 1648 1124 δὲ
1686 1063 1748 1134 ἐξ
1776 1063 1954 1125 αὐτῶν
2035 1099 2042 1104 -

352 1155 619 1231 τέσσερες
642 1152 884 1234 μεγάλοι
908 1153 1127 1229 ῥέοντες
1153 1151 1246 1212 διαὶ
1271 1153 1566 1228 Μαιητέων
1593 1153 1873 1213 ἐκδιδοῦσι
1901 1158 1956 1218 ἐς

353 1241 457 1316 τὴν
481 1241 687 1317 λίμνην
710 1240 815 1315 τὴν
842 1241 1185 1317 καλεομένην
1211 1245 1474 1316 Μαιῆτιν,
1496 1244 1647 1301 τοῖσι
1673 1239 1955 1318 οὐνόματα

356 1329 538 1388 κέεται
562 1328 709 1398 τάδε,
736 1327 933 1397 Λύκος,
981 1334 1184 1403 Οαρος,
1220 1326 1438 1398 Τάναϊς,
1467 1327 1686 1412 Σύργις.
1752 1327 1913 1388 Ἐπεὶ
1933 1331 2047 1388 124

357 1416 431 1476 ὧν
462 1415 495 1476 ὅ
537 1419 771 1492 Δαρεῖος
809 1414 953 1491 ἦλθε
994 1419 1049 1478 ἐς
1078 1415 1183 1490 τήν
1209 1419 1432 1493 ἐρῆμον,
1460 1417 1815 1493 παυσάμενος
1852 1420 1954 1476 τοῦ

357 1503 564 1581 δρόμου
612 1503 803 1582 ἵδρυσε
852 1503 957 1578 τήν
999 1502 1272 1580 στρατιὴν
1325 1505 1417 1563 ἐπὶ
1470 1509 1702 1586 ποταμῷ
1749 1503 1954 1585 Ὀάρῳ·

353 1595 521 1652 τοῦτο
562 1592 623 1651 δὲ
659 1589 905 1666 ποιήσας
936 1589 1081 1650 ὀκτῶ
1110 1591 1302 1671 τείχεα
1334 1591 1538 1671 ἐτείχεε
1571 1593 1798 1674 μεγάλα
1828 1594 1955 1678 ἴσον

355 1678 450 1738 ἀπ’
487 1678 756 1755 ἀλλήλων
792 1677 1093 1758 ἀπέχοντα,
1136 1679 1398 1743 σταδίους
1438 1681 1509 1743 ὥς
1549 1681 1813 1758 ἐξήκοντα
1851 1680 1957 1758 μά-

356 1767 531 1827 λιστά
563 1794 652 1843 κη·
691 1771 803 1828 τῶν
836 1761 935 1826 ἔτι·
959 1771 1015 1830 ἐς
1045 1768 1143 1844 ἐμὲ
1174 1767 1246 1826 ra*-
1282 1767 1496 1843 ἐρείπια
1522 1772 1647 1827 σῶα
1672 1768 1760 1843 ἦν.
1829 1773 1889 1828 ἐν
1915 1767 1957 1847 ᾧ

356 1855 417 1914 δὲ
443 1853 603 1919 οὗτος
627 1856 768 1933 πρὸς
791 1857 967 1914 ταῦτα
1004 1847 1290 1931 ἐτράπετο,
1319 1857 1372 1912 οἱ
1399 1854 1719 1931 διωκόμενοι
1745 1855 1954 1916 Σκύθαι

357 1941 742 2019 περιελθόντες
773 1941 845 2001 τὰ
876 1941 1188 2018 κατύπερθε
1218 1940 1577 2018 ὖπέστρεφον
1603 1947 1658 2005 ἐς
1691 1941 1795 2018 τὴν
1821 1944 1958 2006 Σκυ-

360 2028 541 2103 θικήν·
596 2026 1020 2104 ἀφανισθέντων
1070 2029 1130 2088 δὲ
1182 2029 1389 2089 τούτων
1439 2027 1506 2090 τό
1551 2027 1831 2106 παράπαν,
1890 2031 1960 2094 ὥς

360 2114 541 2174 οὐκέτι
582 2114 957 2191 ἐφαντάζοντό
996 2122 1123 2192 σφι,
1154 2115 1295 2177 οὕτω
1337 2115 1406 2192 δή
1438 2115 1470 2176 ὅ
1504 2120 1738 2194 Δαρεῖος
1770 2117 1960 2197 τείχεα

358 2206 461 2280 μὲν
488 2207 667 2264 ἐκεῖνα
698 2203 940 2284 ἡμίεργα
964 2208 1188 2280 μετῆκε,
1217 2203 1384 2267 αύτὸς
1407 2204 1468 2263 δὲ
1489 2203 1849 2282 ὖποστρέψας
1873 2204 1960 2280 ἤϊε

359 2291 499 2368 πρός
525 2292 783 2368 ἑσπέρην,
798 2290 1003 2351 δοκεων
1027 2291 1256 2355 τούτους
1278 2317 1341 2351 τε
1367 2291 1577 2356 πάντας
1593 2291 1723 2356 τούς
1743 2292 1961 2357 Σκύθας

360 2380 499 2440 εἶναι
525 2380 616 2438 καὶ
642 2378 781 2456 πρὸς
806 2381 1052 2457 ἑσπέρην
1078 2381 1263 2454 σφέας
1290 2379 1536 2460 φεύγειν.

437 2466 723 2527 Ἐλαύνων
762 2466 823 2525 δὲ
859 2465 967 2542 τὴν
1002 2468 1280 2545 ταχίστην
1301 2467 1418 2527 ’τὸν
1459 2466 1721 2545 στρατὸν,
1764 2467 1835 2532 ὥς
1867 2473 1922 2532 ἐς
1941 2471 2056 2528 125

358 2555 463 2632 τὴν
507 2554 783 2630 Σκυθικὴν
808 2553 1075 2626 ἀπίκετο,
1120 2555 1379 2631 ἐνέκυρσε
1426 2554 1786 2636 ἀμφοτέρῃσι
1825 2560 1960 2636 τῇσι

358 2645 593 2723 μοίρῃσι
632 2647 748 2703 τῶν.
786 2642 1056 2712 Σκυθέων,
1090 2643 1332 2722 ἐντυχών
1374 2644 1449 2713 δὲ,
1497 2644 1682 2704 ἐδίωκε
1716 2644 1966 2720 ἐι“ἷίτεκφοε’-·

358 2758 559 2808 ροντας
590 2731 802 2809 ἤμέρης
842 2730 967 2810 ὁδῷ·
1010 2731 1118 2801 καὶ,
1155 2730 1221 2790 οὗ
1253 2731 1366 2812 γάρ
1398 2731 1537 2792 άνίει
1577 2731 1744 2793 ἐπιῶν
1780 2733 1813 2793 ὅ
1850 2741 1964 2793 Δα-

358 2822 523 2897 ρεῖος,
553 2824 608 2880 οἳ
643 2819 855 2883 Σκύθαι
892 2818 1032 2880 κατὰ
1071 2817 1144 2878 τὰ
1176 2820 1606 2897 βεβουλευμένα
1646 2819 1965 2902 ὑπέφευγον

361 2913 418 2971 ἐς
442 2911 554 2968 τῶν
579 2905 967 2984 ἀπειπαμένων
991 2905 1096 2983 τήν
1121 2907 1404 2984 σφετέρην
1430 2908 1776 2986 συμμαχίην·
1815 2905 1964 2982 πρώ-

360 3021 466 3072 την
497 2996 573 3066 δὲ,
603 3001 658 3060 ἐς
688 2999 799 3056 τῶν
824 2994 1279 3076 Μελαγχλαίνων
1301 2995 1408 3071 τήν
1435 2999 1561 3075 γῆν·
1604 2993 1674 3057 ὥς
1699 2994 1758 3053 δὲ
1784 2995 1961 3069 ἐσβα-

363 3082 559 3147 λόντες
582 3083 811 3146 τούτους
837 3082 1106 3161 ἐτάραξαν
1132 3083 1275 3143 οἵτε
1302 3081 1513 3148 Σκύθαι
1530 3082 1621 3140 καὶ
1647 3085 1700 3141 οἱ
1721 3079 1963 3158 Πέρσαι,

366 3173 701 3254 κατηγέοντο
748 3175 801 3230 οἶ
854 3171 1067 3235 Σκύθαι
1119 3176 1174 3234 ἐς
1225 3174 1336 3230 τῶν
1386 3168 1786 3250 Ἀνδροφάγων
1836 3169 1967 3232 τούς

363 3261 597 3342 χώρους·
649 3260 1034 3340 ταραχθέντων
1081 3259 1142 3318 δὲ
1197 3259 1288 3318 καὶ
1328 3257 1556 3327 τούτων,
1610 3256 1830 3334 ὖπῆγον
1874 3257 1966 3317 ἐπὶ

523 3350 584 3394 26
