2267 3517
304 135 399 183 308
906 136 1274 185 ΉΡοΔοτοτ·
1757 108 1905 199 hv,

301 211 537 272 πεύουσι
561 211 691 277 τοῦς
716 211 785 273 ἂν
810 213 908 273 αύτ
916 213 977 276 ὃς
1002 213 1035 273 ὅ
1068 212 1350 289 βασιλεύς
1377 213 1633 294 κελεύσῃ,
1663 213 1909 296 ἀργυρώ-

302 325 458 376 νητοι
498 300 558 358 δὲ
595 299 694 358 οὔκ
732 302 848 360 εἶσί
877 308 990 376 σφι
1027 299 1402 381 θεράποντες·)
1448 302 1656 362 τούτων
1691 302 1765 362 ὧν
1799 307 1910 363 τῶν

304 387 567 463 διηκόνων
606 388 772 447 ἐπεάν
807 387 1158 458 ἀποπνίξωσι
1189 389 1548 464 πεντήκοντα,
1579 391 1672 449 καὶ
1706 391 1910 455 ἵππους

302 476 431 538 τούς
476 475 947 539 καλλιστεύοντας
992 474 1352 553 πεντήκοντα,
1401 476 1683 546 ἐξελόντες
1728 478 1910 540 αὐτῶν

302 562 405 638 τήν
441 563 657 638 κοιλίην
684 564 776 622 καὶ
813 562 1167 642 καθῄραντες,
1195 568 1515 640 ἐμπιπλᾶσι
1545 564 1780 644 ἀχύρων,
1814 567 1907 625 καὶ

304 650 714 728 συρράπτουσι·
754 649 955 729 ἀψῖδος
994 652 1056 710 δὲ
1092 651 1274 727 ἥμισυ
1314 652 1406 710 ἐπὶ
1445 651 1544 712 δύο
1584 653 1729 722 ξύλα
1769 654 1906 729 στή-

304 763 506 802 σαντες
540 737 751 812 ὕπτιον,
784 740 875 798 καὶ
908 739 975 799 τό
1016 739 1204 814 ἕτερον
1231 737 1412 814 ἥμισυ
1445 743 1548 815 τῆς
1579 739 1780 816 ἀψῖδος
1818 742 1904 801 ἐπ’

304 826 464 904 ἔτερα
478 825 594 897 δύο,
614 827 1026 902 καταπήξαντες
1044 825 1236 906 τρόπῳ
1251 829 1484 906 τοιούτῳ
1504 827 1701 888 πολλὰ
1713 832 1904 900 ταῦτα,

305 915 491 974 ἔπειτα
531 919 641 974 τῶν
682 915 864 974 ἵππων
904 913 1046 975 κατά
1084 914 1158 974 τσῖ
1195 913 1378 991 μήκεα
1411 914 1557 984 ξύλα
1587 917 1776 994 παχέα
1801 917 1905 977 διε-

302 1002 581 1066 λάσαντες
605 1003 774 1081 μέχρι
798 1007 908 1063 τῶν
932 1003 1247 1081 τραχήλων,
1267 1001 1688 1079 ἀναβιβάζουσι
1708 1003 1906 1069 αύτοῦς

304 1091 397 1151 ἐπὶ
420 1091 522 1154 τοὶς
546 1090 769 1169 ἀψῖδας·
808 1095 918 1150 τῶν
944 1091 1019 1160 δὲ,
1048 1094 1109 1148 αἱ
1132 1092 1238 1166 μὲν
1263 1089 1533 1168 πρότεραι
1556 1089 1751 1169 ἀψῖδες
1775 1091 1906 1152 ύπέ-

300 1205 473 1258 χουσι
498 1179 627 1242 τούς
654 1177 835 1256 ὤμους
856 1182 966 1239 τάν
994 1180 1192 1252 ἵππων,
1211 1181 1270 1238 αἱ
1296 1178 1356 1236 δὲ
1382 1176 1586 1240 ὄπισθε
1603 1181 1759 1256 παρά
1777 1180 1905 1244 τοῦς

302 1268 515 1345 μηρούς
559 1268 660 1330 τοῖς
708 1268 989 1348 γαστέρας
1033 1266 1531 1343 ὖπολαμβάνουσι·
1587 1270 1798 1328 σκέλεα
1843 1269 1904 1330 δὲ

303 1355 601 1432 ἀμφότερα
642 1357 1051 1432 κατακρέμαται
1090 1356 1358 1433 μετέωρα·
1403 1356 1670 1434 χαλινοῦς
1709 1356 1770 1416 δὲ
1811 1357 1904 1418 καὶ

303 1444 515 1519 στόμια
548 1443 896 1520 ἐμβαλόντες
929 1449 984 1508 ἐς
1016 1444 1148 1520 τούς
1181 1444 1398 1512 ἵππους,
1427 1445 1812 1505 κατατείνουσι
1850 1451 1904 1510 ἐς

301 1530 368 1591 τό
404 1529 655 1608 πρόσθεν
690 1530 885 1600 αὐτῶν,
914 1532 1007 1590 καὶ
1043 1532 1233 1591 ἔπειτα
1265 1537 1326 1592 ἐκ
1351 1531 1670 1592 πασσάλων
1695 1533 1901 1596 δέουσι.
1945 1549 1964 1564 ⁰

301 1622 411 1679 τῶν
437 1617 496 1677 δὲ
522 1618 589 1696 δὴ
615 1619 914 1694 νεηνίσκων
936 1621 1047 1678 τῶν
1064 1617 1562 1699 ἀποπεπνιγμένων
1579 1623 1690 1680 τῶν
1709 1620 1904 1697 πεντή-

260 1763 267 1767 .
304 1731 472 1766 κοντα
498 1706 593 1766 ἕνα
618 1705 856 1767 ἕκαστον
882 1706 1304 1783 ἀναβιβάζουσι
1331 1708 1422 1766 ἐπὶ
1452 1707 1554 1768 τᾶν
1587 1706 1771 1783 ἵππον,
1801 1706 1905 1769 ὦδε

304 1793 767 1872 ἀναβιβάζοντες·
836 1793 1002 1855 ἐπεάν
1052 1799 1252 1872 νεκροῦ
1305 1794 1545 1856 ἑκάστου
1593 1796 1751 1872 παρὰ
1801 1796 1904 1872 τήν

304 1880 549 1944 ἄκανθαν
569 1882 739 1953 ξύλον
759 1882 929 1960 ὄρθόν
948 1882 1258 1943 διελάσωσι
1282 1882 1452 1961 μέχρι
1469 1885 1572 1943 τοῦ
1595 1883 1901 1962 τραχήλου,

307 1971 550 2033 κάτωθεν
582 1972 642 2032 δὲ
674 1972 933 2052 ύπερέχει
964 1975 1067 2032 τοῦ
1102 1971 1274 2042 ξύλου
1297 1971 1498 2031 τούτου
1522 1969 1588 2031 τὰ
1616 1975 1672 2034 ἐς
1695 1972 1904 2049 τόρμον

303 2058 620 2141 πηγνύουσι
644 2064 745 2120 τοῦ
774 2063 961 2137 ἐτέρου
988 2060 1162 2130 ξύλου
1183 2062 1285 2120 τοῦ
1311 2058 1400 2118 διοὶ
1425 2062 1528 2118 τοῦ
1555 2060 1746 2119 ἵππου·
1788 2066 1903 2120 ἐπι-

303 2147 617 2223 στήσαντες
668 2147 728 2207 ὃὲ
781 2147 965 2227 κύκλῳ
1014 2146 1084 2208 »ra
1136 2151 1299 2224 σῆμα
1351 2147 1552 2212 ἱππέας
1601 2146 1899 2224 τοιούτους,

302 2236 697 2295 ἀπελαύνουσι.

207 2326 283 2384 73
386 2322 546 2383 Οὕτω
564 2326 667 2399 μὲν
685 2322 815 2386 τούς
832 2325 1126 2400 βασιλῆας
1146 2321 1446 2384 θάπτουσι·
1469 2321 1602 2387 τούς
1617 2322 1678 2383 δὲ
1692 2321 1903 2389 ἄλλους

304 2409 535 2482 Σκύθας,
568 2409 733 2470 ἐπεάν
768 2410 1109 2483 ἀποθάνωσι,
1145 2410 1479 2491 περιάγουσι
1516 2414 1571 2470 οἱ
1610 2411 1902 2492 ἀγχοτάτω

304 2497 683 2575 προσήκοντες
703 2499 844 2558 κατά
864 2497 994 2562 τοῦς
1020 2500 1226 2574 φίλους
1245 2504 1303 2559 ἐν
1327 2498 1581 2578 ἀμάξῃσι
1603 2500 1900 2576 κειμένους·

299 2590 409 2645 τῶν
432 2586 492 2644 δὲ
521 2587 755 2649 ἔκαστος
776 2586 1180 2662 ύποὸεκόμενος
1199 2585 1418 2664 εὐωχέει
1435 2587 1564 2650 τούς
1584 2589 1897 2664 ἑπομένους,
1959 2611 1966 2617 ·

303 2674 396 2733 καὶ
412 2678 490 2752 τῷ
510 2677 679 2753 νεκρῷ
696 2673 916 2735 πάντων
934 2675 1232 2751 παρατιθεῖ
1246 2679 1357 2734 τῶν
1373 2676 1464 2734 καὶ
1478 2678 1632 2735 τοῖσι
1646 2673 1900 2735 ἄλλοισι·

300 2760 510 2839 ἡμέρας
530 2763 590 2822 δὲ
613 2763 1030 2840 τεσσεράκοντα
1056 2761 1199 2822 οὕτω
1224 2765 1278 2822 οἱ
1299 2762 1506 2822 ἰδιῶται
1526 2762 1898 2843 περιάγονται,

306 2852 495 2910 ἔπειτα
532 2850 853 2912 θάπτονται·
898 2851 1174 2929 θάψαντες
1199 2851 1258 2910 δὲ
1291 2854 1345 2910 οἶ
1373 2851 1584 2914 Σκύθαι
1611 2852 1916 2927 καθαίρον··

301 2962 395 2997 ται
413 2937 612 3017 ,τρόπῳ
647 2939 857 3017 τοιῷδε·
899 2937 1258 3016 σμησάμενοι
1285 2937 1388 3002 τὰς
1414 2938 1670 3014 κεφαλάς
1696 2940 1788 2997 καὶ
1815 2945 1900 2998 ἐκ·

302 3026 661 3103 πλυνάμενοι,
688 3030 912 3086 ποιεῦσι
937 3027 1066 3102 περὶ
1092 3026 1161 3086 τὰ
1189 3030 1356 3102 σῶμα
1379 3025 1528 3084 τάδε·
1559 3026 1725 3085 ἐπεάν
1756 3026 1901 3095 ξύλα

301 3112 565 3187 στήσωσι
618 3114 747 3190 τρία
792 3117 849 3176 ἐς
901 3111 1133 3187 ἄλληλα
1187 3114 1497 3188 κεκλιμένα,
1543 3113 1672 3188 περὶ
1723 3118 1901 3171 ταῦτα

300 3199 503 3264 πίλους
539 3201 796 3277 εἰρινέους
830 3201 1222 3276 περιτείνουσι·
1263 3197 1694 3273 συμφράξαντες
1733 3200 1796 3258 δὲ
1828 3199 1901 3263 ὥς

303 3283 568 3358 αάλιστα,
597 3287 790 3349 λίθους
826 3291 886 3345 ἐκ
918 3286 1092 3361 πυρᾶς
1122 3286 1425 3362 διαφανέας
1449 3285 1812 3359 ἐσβάλλουσι
1844 3291 1900 3349 ἐς
