2267 3517
327 137 544 202 12—141
994 136 1261 187 emm.
1833 138 1929 184 205

324 218 581 294 Μέμφιν,
608 217 820 294 ἔπεμπε
846 215 954 277 α’νᾶ,
982 215 1240 292 ποταμόν
1266 215 1593 292 Καμβύσης
1624 217 1722 274 νέα
1747 219 1915 274 Μυτι-

323 304 561 380 ληναίην
613 304 824 380 κήρυκα.
864 303 1116 384 ἄγουσαν
1159 300 1332 379 ἄνδρα
1384 302 1635 379 Πέρσην,
1684 305 1740 364 ἐς
1792 299 1925 378 ὅμο-

321 393 524 472 λογίην
541 391 991 469 προκαλεόμενος
1017 391 1373 472 Αἰγυπτίους·
1406 393 1461 448 οἶ
1487 390 1561 460 δὲ,
1592 390 1717 448 ἐπεί
1735 414 1798 449 τε
1822 387 1926 464 τήν

322 479 419 538 νέα
464 478 584 538 ἴδον
631 480 984 539 ἐσελθοῦσαν
1037 483 1093 542 ἐς
1145 476 1249 554 τὴν
1302 478 1558 554 Μέμφιν,
1608 477 1927 556 ἐκχυθέντες

321 565 484 629 σῖλέες
510 571 571 625 ἐκ
594 571 695 626 τοῦ
719 566 949 645 τείχεος,
975 565 1080 640 τήν
1104 591 1169 625 τε
1201 566 1300 625 νέα
1334 564 1655 641 διέφθειραν
1681 563 1774 622 καὶ
1795 562 1926 626 τοῦς

322 651 524 731 ἄνδρας
572 653 944 734 κρεουργηδὸν
997 652 1415 716 διασπάσαντες
1467 651 1703 729 ἐφόρεον
1754 656 1810 714 ἐς
1857 650 1925 711 τό

320 745 518 821 τεῖχος.
606 741 699 799 καὶ
729 738 1028 822 Αἰγύπτιοι
1065 742 1171 816 μὲν
1208 739 1353 817 μετὰ
1390 743 1561 799 τοῦτο
1599 737 1924 815 πολιορκεύ-

279 893 290 900 ,
320 853 496 905 μενοι,
521 827 706 908 χρόνῳ
743 827 1132 904 παρέστησαν·
1176 830 1230 886 οἱ
1267 827 1326 887 δὲ
1355 827 1662 905 προσεχέες
1696 827 1924 902 Λίβυες,

323 916 605 980 δείσαντες
638 915 711 975 ταῖ
744 916 876 993 περὶ
913 913 1017 976 τόν
1052 916 1339 995 Αἴγυπτον
1370 913 1659 995 γεγονότα,
1694 913 1926 990 παρέδο-

323 1029 434 1063 σαν
459 1005 644 1079 σφέας
679 1001 878 1078 αὕτούς
915 1001 1183 1082 ἅμαχητί·
1228 1001 1319 1060 καὶ
1355 1001 1537 1079 φόρον
1565 1026 1627 1062 τε
1658 1000 1924 1070 ἐτάξαντο

325 1091 419 1149 καὶ
449 1091 598 1170 δῶρα
634 1092 902 1168 ἔπεμπον.
985 1090 1058 1154 ὣς
1088 1090 1150 1148 δὲ
1183 1092 1491 1166 Κυρηναῖοι
1526 1089 1617 1147 καὶ
1652 1091 1924 1166 Βαρκαῖοι

325 1177 606 1241 δείσαντες
645 1177 848 1254 ὁμοίως
885 1176 951 1259 [ἃ
990 1177 1084 1237 καὶ
1125 1180 1181 1237 οἱ
1219 1177 1445 1252 Λίβυες,
1475 1176 1634 1253 ἔτερα.
1671 1174 1925 1258 τοιαῦτα]

327 1265 615 1339 ἐποίησαν,
645 1264 970 1341 Καμβύσης
997 1265 1056 1324 δὲ
1081 1263 1154 1325 ταῖ
1179 1266 1283 1341 μὲν
1308 1265 1461 1340 παρὰ
1480 1263 1709 1340 Λιβύων
1735 1262 1925 1323 ἐλθόν-

323 1376 398 1411 τα.
424 1351 573 1428 δῶρα
594 1351 956 1428 φιλοφρόνως
981 1353 1223 1423 ἐδέξατο,
1242 1352 1315 1411 ταῖ
1342 1352 1401 1411 δὲ
1426 1351 1579 1429 παρὰ
1600 1350 1926 1428 Κυρηναίων

325 1437 636 1517 ἀπικόμενα
658 1440 953 1518 μεμφθεὶς,
980 1440 1053 1504 ὥς
1084 1439 1210 1516 ἐμοὶ
1237 1439 1430 1511 δοκέει,
1458 1439 1546 1500 ὅτι
1579 1439 1651 1516 ἦν
1676 1439 1925 1520 ὀλίγα-

325 1526 580 1605 ἔπεμψαν
629 1526 742 1609 γὰρ
795 1527 865 1604 δή
917 1529 1289 1604 πεντηκοσίας
1338 1528 1509 1604 μνέας
1560 1526 1826 1608 ἀργυρίου
1871 1530 1927 1586 οἶ

326 1614 918 1692 Κυρηναῖοι-ταύτας
982 1613 1388 1694 δρασσόμενος,
1443 1614 1762 1695 αὐτοχειρίῃ
1821 1614 1926 1674 διέ-

325 1727 524 1781 σπειρε
537 1707 623 1783 τῇ
651 1706 911 1780 στρατιῇ.

403 1789 622 1870 Ἠμέρῃ
648 1790 708 1849 δὲ
743 1790 946 1868 δεκάτῃ
983 1786 1080 1848 εἶπ’
1115 1786 1185 1865 ἧς
1218 1789 1515 1866 παρέλαβε
1548 1789 1617 1850 τὸ
1650 1793 1835 1869 τεῖχος
1858 1789 1925 1851 vd
1945 1791 2018 1850 14

325 1881 384 1938 ἐν
409 1879 615 1956 Μέμφι
643 1877 986 1955 Καμβύσης,
1016 1877 1250 1940 κατίσας
1284 1882 1340 1941 ἐς
1366 1877 1433 1938 τό
1470 1877 1807 1954 προάστειον
1834 1877 1927 1936 ἐπὶ

324 1964 476 2044 λύμῃ
527 1965 628 2026 τὸν
689 1965 947 2041 βασιλέα
1001 1967 1113 2024 τῶν
1167 1966 1485 2046 Αἰγυπτίων
1541 1964 1922 2040 Ψαμμήνιτον,

324 2051 758 2128 βασιλεύσαντα
782 2055 962 2129 μῆνας
988 2050 1065 2121 ἐξ,
1089 2054 1292 2113 τοῦτον
1323 2051 1571 2120 κατίσας,
1598 2051 1706 2111 σῦν
1730 2049 1923 2110 ἅλλοι-

325 2164 390 2197 σι
420 2138 782 2219 Αἰγυπτίοισι
812 2138 1124 2215 διεπειρᾶτο
1158 2137 1328 2199 αὐτοῦ
1361 2142 1463 2214 τῆς
1500 2142 1699 2216 ψυχῆς,
1724 2138 1927 2198 ποιέων

324 2225 528 2285 τοιάδε.
611 2226 844 2288 στείλας
895 2224 1066 2286 αὐτοῦ
1103 2224 1209 2300 τὴν
1249 2226 1526 2307 θυγατέρα
1566 2226 1763 2301 ἐσθῆτι
1803 2225 1922 2284 δου-

326 2313 477 2391 ληΐῃ,
501 2313 773 2389 ἐξέπεμπε
795 2311 880 2371 ἐπ’
901 2311 1044 2390 ὕδωρ
1072 2314 1314 2392 ἔχουσαν
1333 2312 1575 2390 ὕδρήῖον·
1602 2313 1922 2391 συνέπεμπε

327 2399 387 2458 δὲ
438 2400 532 2459 καὶ
584 2399 768 2462 ἅλλας
819 2401 1141 2478 παρθένους,
1194 2400 1475 2470 ἀπολέξας
1541 2400 1751 2478 ἀνδρῶν
1814 2404 1925 2462 τῶν

325 2486 570 2563 πρώτων,
597 2487 800 2565 ὁμοίως
826 2488 1174 2565 ἐσταλμένας
1197 2491 1269 2566 τῇ
1293 2490 1393 2547 τοῦ
1418 2489 1717 2564 βασιλέος·
1766 2488 1837 2552 ὥς
1862 2489 1922 2548 δὲ

325 2576 447 2654 βοῇ
497 2600 560 2635 τε
613 2576 706 2633 καὶ
749 2575 1014 2653 κλαυθμῷ
1061 2578 1328 2651 παρῆσαν
1371 2579 1431 2634 αἱ
1473 2578 1741 2652 παρθένοι
1783 2577 1923 2636 κατὰ

325 2661 457 2724 τούς
480 2663 738 2740 πατέρας,
765 2665 820 2722 οἱ
854 2665 958 2738 μὲν
988 2661 1161 2721 ἄλλοι
1195 2663 1429 2740 πατέρες
1464 2663 1714 2740 α’,νεβόων
1739 2690 1804 2724 τε
1829 2664 1923 2723 καὶ

327 2747 668 2820 ἀντέκλαιον,
724 2749 971 2827 ὁρέοντες
1020 2748 1095 2809 ταῖ
1140 2750 1306 2810 τέκνα
1350 2752 1718 2828 κεκακωμένα·
1784 2751 1818 2811 ὅ
1862 2752 1923 2811 δὲ
2001 2767 2007 2772 “

327 2837 690 2913 Ψαμμήνιτος
727 2837 969 2916 προϊδών
1001 2837 1095 2896 καὶ
1128 2837 1341 2913 μαθών,
1382 2839 1550 2916 ἔκυψε
1579 2844 1634 2903 ἐς
1661 2839 1767 2916 τὴν
1794 2843 1925 2920 γῆν·

326 2924 817 3002 παρεξελθουσέων
848 2925 907 2984 δὲ
945 2928 1056 2984 τῶν
1094 2923 1437 3004 ὕδροφόρων,
1466 2924 1693 3005 δεύτερά
1732 2930 1787 2986 οἶ
1825 2927 1927 2988 τᾶν

325 3011 501 3072 παῖδα
536 3014 748 3089 ἔπεμπε
778 3011 898 3088 μετ’
925 3009 1116 3072 ἄλλων
1148 3014 1464 3094 Αἰγιηττίων
1504 3013 1795 3092 δισχιλίων
1821 3012 1926 3089 τὴν

325 3098 501 3176 αὖτήν
533 3099 759 3177 ἡλικίην
793 3099 1046 3179 ἐχόντων,
1071 3098 1203 3162 τούς
1230 3123 1293 3159 τε
1327 3097 1561 3178 αὐχένας
1592 3098 1745 3177 κάλῳ
1782 3099 1925 3159 δεδε-

323 3188 524 3264 μένους
557 3188 652 3247 καὶ
683 3186 758 3249 τᾶ
798 3187 1058 3265 στόματα.
1098 3187 1649 3267 ἐγκεχαλινωμένους·
1718 3185 1924 3268 ἅγοντο

325 3275 388 3336 δὲ
437 3275 641 3358 ποινήν
689 3275 943 3339 τίσοντες
985 3276 1381 3352 Μυτιληναίων
1418 3276 1572 3334 τοῖσι
1614 3277 1675 3332 ἐν
1718 3275 1927 3349 Μέμφι
