<?xml version="1.0" encoding="UTF-8"?>
<!DOCTYPE html PUBLIC "-//W3C//DTD XHTML 1.0 Transitional//EN"
    "http://www.w3.org/TR/xhtml1/DTD/xhtml1-transitional.dtd">
<html xmlns="http://www.w3.org/1999/xhtml" xml:lang="en" lang="en">
 <head>
  <title>
</title>
<meta http-equiv="Content-Type" content="text/html;charset=utf-8" />
  <meta name='ocr-system' content='tesseract 3.04.00' />
  <meta name='ocr-capabilities' content='ocr_page ocr_carea ocr_par ocr_line ocrx_word'/>
</head>
<body>
  <div class='ocr_page' id='page_1' title='image "./herodotus05blakgoog_0333.png"; bbox 0 0 2267 3517; ppageno 0'>
   <div class='ocr_carea' id='block_1_1' title="bbox 356 135 2061 3378">
    <p class='ocr_par' dir='ltr' id='par_1_1' title="bbox 356 135 2056 2062">
     <span class='ocr_line' id='line_1_1' title="bbox 356 135 1955 209; baseline -0.001 -10"><span class='ocrx_word' id='word_1_1' title='bbox 356 135 645 208; x_wconf 61' lang='lat'>104—110]</span> <span class='ocrx_word' id='word_1_2' title='bbox 938 145 1390 196; x_wconf 77' lang='lat' dir='ltr'><strong>MEAIIOMENH.</strong></span> <span class='ocrx_word' id='word_1_3' title='bbox 1849 137 1955 209; x_wconf 20' lang='lat'><strong>‘323&#39;</strong></span> 
     </span>
     <span class='ocr_line' id='line_1_2' title="bbox 356 229 1957 313; baseline 0.002 -23"><span class='ocrx_word' id='word_1_4' title='bbox 356 231 469 313; x_wconf 73' lang='grc' dir='ltr'>γὰρ</span> <span class='ocrx_word' id='word_1_5' title='bbox 512 230 582 308; x_wconf 78' lang='grc' dir='ltr'>δή</span> <span class='ocrx_word' id='word_1_6' title='bbox 602 301 607 305; x_wconf 38' lang='grc'>,</span> <span class='ocrx_word' id='word_1_7' title='bbox 631 231 824 292; x_wconf 77' lang='grc' dir='ltr'>αὐτόθι</span> <span class='ocrx_word' id='word_1_8' title='bbox 871 229 1220 308; x_wconf 82' lang='grc' dir='ltr'>Ἑλληνικῶν</span> <span class='ocrx_word' id='word_1_9' title='bbox 1265 233 1407 294; x_wconf 78' lang='grc' dir='ltr'>θεῶν</span> <span class='ocrx_word' id='word_1_10' title='bbox 1449 233 1559 312; x_wconf 74' lang='grc' dir='ltr'>ἶρά,</span> <span class='ocrx_word' id='word_1_11' title='bbox 1607 233 1957 310; x_wconf 73' lang='grc' dir='ltr'>Ἑλληνικῶς</span> 
     </span>
     <span class='ocr_line' id='line_1_3' title="bbox 360 321 1960 404; baseline -0.001 -21"><span class='ocrx_word' id='word_1_12' title='bbox 360 323 851 400; x_wconf 81' lang='grc' dir='ltr'>κατεσκευασμένα</span> <span class='ocrx_word' id='word_1_13' title='bbox 916 321 1220 404; x_wconf 80' lang='grc' dir='ltr'>ἀγάλμασί</span> <span class='ocrx_word' id='word_1_14' title='bbox 1277 348 1340 382; x_wconf 90' lang='grc' dir='ltr'>τε</span> <span class='ocrx_word' id='word_1_15' title='bbox 1394 323 1486 382; x_wconf 81' lang='grc' dir='ltr'>καὶ</span> <span class='ocrx_word' id='word_1_16' title='bbox 1545 324 1798 398; x_wconf 84' lang='grc' dir='ltr'>βωμοῖσι</span> <span class='ocrx_word' id='word_1_17' title='bbox 1867 323 1960 382; x_wconf 82' lang='grc' dir='ltr'>καὶ</span> 
     </span>
     <span class='ocr_line' id='line_1_4' title="bbox 360 410 1961 489; baseline -0.001 -18"><span class='ocrx_word' id='word_1_18' title='bbox 360 416 548 488; x_wconf 80' lang='grc' dir='ltr'>νηοῖσι</span> <span class='ocrx_word' id='word_1_19' title='bbox 575 412 869 481; x_wconf 78' lang='grc' dir='ltr'>ξυλίνοισι·</span> <span class='ocrx_word' id='word_1_20' title='bbox 914 410 1005 468; x_wconf 83' lang='grc' dir='ltr'>καὶ</span> <span class='ocrx_word' id='word_1_21' title='bbox 1043 413 1121 489; x_wconf 76' lang='grc' dir='ltr'>τῷ</span> <span class='ocrx_word' id='word_1_22' title='bbox 1163 411 1422 489; x_wconf 80' lang='grc' dir='ltr'>Διονύσῳ</span> <span class='ocrx_word' id='word_1_23' title='bbox 1461 410 1804 487; x_wconf 82' lang='grc' dir='ltr'>τριετηρίδας</span> <span class='ocrx_word' id='word_1_24' title='bbox 1831 410 1961 470; x_wconf 82' lang='grc' dir='ltr'>α’νά-</span> 
     </span>
     <span class='ocr_line' id='line_1_5' title="bbox 359 497 1961 581; baseline 0.001 -22"><span class='ocrx_word' id='word_1_25' title='bbox 359 502 546 581; x_wconf 83' lang='grc' dir='ltr'>γουσι,</span> <span class='ocrx_word' id='word_1_26' title='bbox 592 499 683 557; x_wconf 85' lang='grc' dir='ltr'>καὶ</span> <span class='ocrx_word' id='word_1_27' title='bbox 734 497 1103 577; x_wconf 80' lang='grc' dir='ltr'>βακχεύουσι.</span> <span class='ocrx_word' id='word_1_28' title='bbox 1187 499 1308 557; x_wconf 69' lang='grc' dir='ltr'>εἶσὶ</span> <span class='ocrx_word' id='word_1_29' title='bbox 1345 499 1455 579; x_wconf 70' lang='grc' dir='ltr'>γσῖρ</span> <span class='ocrx_word' id='word_1_30' title='bbox 1505 500 1557 557; x_wconf 85' lang='grc' dir='ltr'>οἱ</span> <span class='ocrx_word' id='word_1_31' title='bbox 1604 499 1847 558; x_wconf 88' lang='grc' dir='ltr'>Γελωνοὶ</span> <span class='ocrx_word' id='word_1_32' title='bbox 1891 498 1961 560; x_wconf 72' lang='grc' dir='ltr'>τὰ</span> 
     </span>
     <span class='ocr_line' id='line_1_6' title="bbox 361 585 1964 666; baseline -0.001 -20"><span class='ocrx_word' id='word_1_33' title='bbox 361 587 597 666; x_wconf 83' lang='grc' dir='ltr'>οἷρχαῖον</span> <span class='ocrx_word' id='word_1_34' title='bbox 612 586 911 662; x_wconf 85' lang='grc' dir='ltr'>Ἕλληνες·</span> <span class='ocrx_word' id='word_1_35' title='bbox 940 589 999 644; x_wconf 88' lang='grc' dir='ltr'>ἐκ</span> <span class='ocrx_word' id='word_1_36' title='bbox 1023 590 1136 646; x_wconf 80' lang='grc' dir='ltr'>τῶν</span> <span class='ocrx_word' id='word_1_37' title='bbox 1161 585 1221 644; x_wconf 78' lang='grc' dir='ltr'>δὲ</span> <span class='ocrx_word' id='word_1_38' title='bbox 1247 586 1524 664; x_wconf 81' lang='grc' dir='ltr'>ἐμπορίων</span> <span class='ocrx_word' id='word_1_39' title='bbox 1549 585 1964 656; x_wconf 81' lang='grc' dir='ltr'>ἐξαναστάντες,</span> 
     </span>
     <span class='ocr_line' id='line_1_7' title="bbox 363 673 1965 754; baseline 0.001 -20"><span class='ocrx_word' id='word_1_40' title='bbox 363 677 599 751; x_wconf 80' lang='grc' dir='ltr'>οἴκησαν</span> <span class='ocrx_word' id='word_1_41' title='bbox 644 679 703 734; x_wconf 91' lang='grc' dir='ltr'>ἐν</span> <span class='ocrx_word' id='word_1_42' title='bbox 742 678 896 734; x_wconf 82' lang='grc' dir='ltr'>τοῖσι</span> <span class='ocrx_word' id='word_1_43' title='bbox 935 673 1278 734; x_wconf 83' lang='grc' dir='ltr'>Βουδίνοισι·</span> <span class='ocrx_word' id='word_1_44' title='bbox 1324 674 1416 732; x_wconf 86' lang='grc' dir='ltr'>καὶ</span> <span class='ocrx_word' id='word_1_45' title='bbox 1460 673 1704 754; x_wconf 78' lang='grc' dir='ltr'>γλώσσῃ</span> <span class='ocrx_word' id='word_1_46' title='bbox 1748 673 1821 734; x_wconf 81' lang='grc' dir='ltr'>τοὶ</span> <span class='ocrx_word' id='word_1_47' title='bbox 1861 677 1965 752; x_wconf 80' lang='grc' dir='ltr'>μὲν</span> 
     </span>
     <span class='ocr_line' id='line_1_8' title="bbox 362 761 2056 841; baseline 0 -19"><span class='ocrx_word' id='word_1_48' title='bbox 362 763 609 841; x_wconf 80' lang='grc' dir='ltr'>Σκυθικῇ</span> <span class='ocrx_word' id='word_1_49' title='bbox 633 788 706 822; x_wconf 89' lang='grc' dir='ltr'>τα</span> <span class='ocrx_word' id='word_1_50' title='bbox 687 761 786 820; x_wconf 81' lang='grc' dir='ltr'>δὲ</span> <span class='ocrx_word' id='word_1_51' title='bbox 810 761 1120 840; x_wconf 79' lang='grc' dir='ltr'>Ἑλληνικῇ</span> <span class='ocrx_word' id='word_1_52' title='bbox 1147 762 1435 841; x_wconf 87' lang='grc' dir='ltr'>χρέωνται.</span> <span class='ocrx_word' id='word_1_53' title='bbox 1489 762 1744 821; x_wconf 79' lang='grc' dir='ltr'>Βουδῖνοι</span> <span class='ocrx_word' id='word_1_54' title='bbox 1771 762 1831 821; x_wconf 84' lang='grc' dir='ltr'>δὲ</span> <span class='ocrx_word' id='word_1_55' title='bbox 1859 790 1922 822; x_wconf 93' lang='grc' dir='ltr'>ου</span> <span class='ocrx_word' id='word_1_56' title='bbox 1909 762 2056 822; x_wconf 83' lang='grc'><strong>’109</strong></span> 
     </span>
     <span class='ocr_line' id='line_1_9' title="bbox 360 848 1966 930; baseline 0.001 -22"><span class='ocrx_word' id='word_1_57' title='bbox 360 855 433 928; x_wconf 80' lang='grc' dir='ltr'>τῇ</span> <span class='ocrx_word' id='word_1_58' title='bbox 473 848 613 929; x_wconf 71' lang='grc' dir='ltr'>αὐτῇ</span> <span class='ocrx_word' id='word_1_59' title='bbox 652 849 899 930; x_wconf 76' lang='grc' dir='ltr'>γλώσσῃ</span> <span class='ocrx_word' id='word_1_60' title='bbox 938 850 1208 928; x_wconf 90' lang='grc' dir='ltr'>χρέωνται</span> <span class='ocrx_word' id='word_1_61' title='bbox 1249 850 1340 909; x_wconf 87' lang='grc' dir='ltr'>καὶ</span> <span class='ocrx_word' id='word_1_62' title='bbox 1379 851 1640 919; x_wconf 72' lang='grc' dir='ltr'>Γελωνοὶ,</span> <span class='ocrx_word' id='word_1_63' title='bbox 1666 849 1796 908; x_wconf 74' lang='grc' dir='ltr'>ἀλλ’</span> <span class='ocrx_word' id='word_1_64' title='bbox 1840 849 1966 910; x_wconf 80' lang='grc' dir='ltr'>ουδὲ</span> 
     </span>
     <span class='ocr_line' id='line_1_10' title="bbox 362 937 1964 1018; baseline 0.001 -22"><span class='ocrx_word' id='word_1_65' title='bbox 362 939 545 998; x_wconf 81' lang='grc' dir='ltr'>δίαιτα</span> <span class='ocrx_word' id='word_1_66' title='bbox 588 937 627 1014; x_wconf 82' lang='grc' dir='ltr'><em>ἦ</em></span> <span class='ocrx_word' id='word_1_67' title='bbox 672 937 830 1014; x_wconf 76' lang='grc' dir='ltr'>αὐτή·</span> <span class='ocrx_word' id='word_1_68' title='bbox 872 941 928 996; x_wconf 80' lang='grc' dir='ltr'>οἱ</span> <span class='ocrx_word' id='word_1_69' title='bbox 969 939 1072 1014; x_wconf 79' lang='grc' dir='ltr'>μὲν</span> <span class='ocrx_word' id='word_1_70' title='bbox 1114 963 1228 1018; x_wconf 88' lang='grc' dir='ltr'>γαρ</span> <span class='ocrx_word' id='word_1_71' title='bbox 1272 937 1546 1008; x_wconf 78' lang='grc' dir='ltr'>Βουδῖνοι,</span> <span class='ocrx_word' id='word_1_72' title='bbox 1581 937 1760 1002; x_wconf 87' lang='grc' dir='ltr'>ἐόντες</span> <span class='ocrx_word' id='word_1_73' title='bbox 1803 937 1964 998; x_wconf 87' lang='grc' dir='ltr'>αυτό-</span> 
     </span>
     <span class='ocr_line' id='line_1_11' title="bbox 356 1025 1966 1106; baseline -0.001 -20.996"><span class='ocrx_word' id='word_1_74' title='bbox 356 1026 577 1105; x_wconf 88' lang='grc' dir='ltr'>χθονες,</span> <span class='ocrx_word' id='word_1_75' title='bbox 602 1025 836 1101; x_wconf 80' lang='grc' dir='ltr'>νομάδες</span> <span class='ocrx_word' id='word_1_76' title='bbox 870 1026 935 1085; x_wconf 89' lang='grc' dir='ltr'>τέ</span> <span class='ocrx_word' id='word_1_77' title='bbox 967 1029 1077 1084; x_wconf 82' lang='grc' dir='ltr'>εἶσι</span> <span class='ocrx_word' id='word_1_78' title='bbox 1114 1025 1206 1083; x_wconf 80' lang='grc' dir='ltr'>καὶ</span> <span class='ocrx_word' id='word_1_79' title='bbox 1237 1025 1739 1106; x_wconf 80' lang='grc' dir='ltr'>φθειροτραγέουσι</span> <span class='ocrx_word' id='word_1_80' title='bbox 1768 1030 1966 1101; x_wconf 78' lang='grc' dir='ltr'>μοῦνοι</span> 
     </span>
     <span class='ocr_line' id='line_1_12' title="bbox 362 1111 1965 1193; baseline 0.001 -22"><span class='ocrx_word' id='word_1_81' title='bbox 362 1117 475 1172; x_wconf 79' lang='grc' dir='ltr'>τῶν</span> <span class='ocrx_word' id='word_1_82' title='bbox 511 1111 705 1191; x_wconf 75' lang='grc' dir='ltr'>ταύτῃ·</span> <span class='ocrx_word' id='word_1_83' title='bbox 744 1113 990 1171; x_wconf 75' lang='grc' dir='ltr'>Γελωνοὶ</span> <span class='ocrx_word' id='word_1_84' title='bbox 1030 1113 1105 1182; x_wconf 79' lang='grc' dir='ltr'>δὲ,</span> <span class='ocrx_word' id='word_1_85' title='bbox 1147 1115 1253 1192; x_wconf 87' lang='grc' dir='ltr'>γῆς</span> <span class='ocrx_word' id='word_1_86' title='bbox 1290 1137 1353 1172; x_wconf 88' lang='grc' dir='ltr'>τε</span> <span class='ocrx_word' id='word_1_87' title='bbox 1393 1112 1636 1193; x_wconf 89' lang='grc' dir='ltr'>ἐργάται,</span> <span class='ocrx_word' id='word_1_88' title='bbox 1679 1113 1772 1172; x_wconf 80' lang='grc' dir='ltr'>καὶ</span> <span class='ocrx_word' id='word_1_89' title='bbox 1811 1137 1965 1173; x_wconf 82' lang='grc' dir='ltr'>σιτο-</span> 
     </span>
     <span class='ocr_line' id='line_1_13' title="bbox 364 1198 1960 1280; baseline 0.001 -22"><span class='ocrx_word' id='word_1_90' title='bbox 364 1199 560 1280; x_wconf 80' lang='grc' dir='ltr'>φάγοι,</span> <span class='ocrx_word' id='word_1_91' title='bbox 590 1202 683 1258; x_wconf 85' lang='grc' dir='ltr'>καὶ</span> <span class='ocrx_word' id='word_1_92' title='bbox 708 1199 917 1275; x_wconf 83' lang='grc' dir='ltr'>κήπους</span> <span class='ocrx_word' id='word_1_93' title='bbox 944 1200 1248 1275; x_wconf 83' lang='grc' dir='ltr'>ἐκτημένοι,</span> <span class='ocrx_word' id='word_1_94' title='bbox 1271 1198 1428 1260; x_wconf 74' lang='grc' dir='ltr'>οὐδὲν</span> <span class='ocrx_word' id='word_1_95' title='bbox 1453 1199 1556 1274; x_wconf 78' lang='grc' dir='ltr'>τὴν</span> <span class='ocrx_word' id='word_1_96' title='bbox 1585 1201 1730 1277; x_wconf 83' lang='grc' dir='ltr'>ἰδέην</span> <span class='ocrx_word' id='word_1_97' title='bbox 1757 1200 1960 1277; x_wconf 79' lang='grc' dir='ltr'>ὁμοῖοι,</span> 
     </span>
     <span class='ocr_line' id='line_1_14' title="bbox 366 1286 1964 1365; baseline 0.001 -19"><span class='ocrx_word' id='word_1_98' title='bbox 366 1287 492 1346; x_wconf 73' lang='grc' dir='ltr'>οὐδὲ</span> <span class='ocrx_word' id='word_1_99' title='bbox 516 1287 583 1346; x_wconf 76' lang='grc' dir='ltr'>τὰ</span> <span class='ocrx_word' id='word_1_100' title='bbox 608 1289 826 1365; x_wconf 73' lang='grc' dir='ltr'>χρῶμα·</span> <span class='ocrx_word' id='word_1_101' title='bbox 866 1286 977 1346; x_wconf 78' lang='grc' dir='ltr'>ὖπό</span> <span class='ocrx_word' id='word_1_102' title='bbox 1002 1287 1194 1363; x_wconf 89' lang='grc' dir='ltr'>μέντοι</span> <span class='ocrx_word' id='word_1_103' title='bbox 1227 1287 1516 1363; x_wconf 84' lang='grc' dir='ltr'>Ἑλλήνων</span> <span class='ocrx_word' id='word_1_104' title='bbox 1551 1291 1845 1348; x_wconf 84' lang='grc' dir='ltr'>καλέονται</span> <span class='ocrx_word' id='word_1_105' title='bbox 1873 1290 1964 1348; x_wconf 82' lang='grc' dir='ltr'>καὶ</span> 
     </span>
     <span class='ocr_line' id='line_1_15' title="bbox 366 1373 1965 1452; baseline 0.001 -18"><span class='ocrx_word' id='word_1_106' title='bbox 366 1377 445 1434; x_wconf 59' lang='grc' dir='ltr'>οῖ’</span> <span class='ocrx_word' id='word_1_107' title='bbox 460 1375 718 1434; x_wconf 82' lang='grc' dir='ltr'>Βουδῖνοι</span> <span class='ocrx_word' id='word_1_108' title='bbox 744 1375 1003 1447; x_wconf 79' lang='grc' dir='ltr'>Γελωνοὶ,</span> <span class='ocrx_word' id='word_1_109' title='bbox 1036 1373 1136 1433; x_wconf 77' lang='grc' dir='ltr'>οὐκ</span> <span class='ocrx_word' id='word_1_110' title='bbox 1177 1373 1356 1452; x_wconf 78' lang='grc' dir='ltr'>ὀρθῶς</span> <span class='ocrx_word' id='word_1_111' title='bbox 1398 1375 1744 1452; x_wconf 86' lang='grc' dir='ltr'>καλεόμενοι.</span> <span class='ocrx_word' id='word_1_112' title='bbox 1827 1375 1864 1451; x_wconf 79' lang='grc' dir='ltr'><em>ἦ</em></span> <span class='ocrx_word' id='word_1_113' title='bbox 1905 1376 1965 1436; x_wconf 84' lang='grc' dir='ltr'>δὲ</span> 
     </span>
     <span class='ocr_line' id='line_1_16' title="bbox 364 1461 1965 1541; baseline 0.002 -21"><span class='ocrx_word' id='word_1_114' title='bbox 364 1461 519 1540; x_wconf 80' lang='grc' dir='ltr'>χώρη</span> <span class='ocrx_word' id='word_1_115' title='bbox 558 1463 753 1536; x_wconf 86' lang='grc' dir='ltr'>σφέων</span> <span class='ocrx_word' id='word_1_116' title='bbox 791 1461 955 1521; x_wconf 80' lang='grc' dir='ltr'>πᾶσά</span> <span class='ocrx_word' id='word_1_117' title='bbox 995 1465 1120 1521; x_wconf 89' lang='grc' dir='ltr'>ἐστι</span> <span class='ocrx_word' id='word_1_118' title='bbox 1162 1462 1337 1538; x_wconf 89' lang='grc' dir='ltr'>δασέη</span> <span class='ocrx_word' id='word_1_119' title='bbox 1364 1463 1518 1541; x_wconf 79' lang='grc' dir='ltr'>ἴδῃσι</span> <span class='ocrx_word' id='word_1_120' title='bbox 1543 1463 1863 1541; x_wconf 88' lang='grc' dir='ltr'>παντοίῃσι·</span> <span class='ocrx_word' id='word_1_121' title='bbox 1906 1468 1965 1524; x_wconf 89' lang='grc' dir='ltr'>ἐν</span> 
     </span>
     <span class='ocr_line' id='line_1_17' title="bbox 366 1549 1966 1631; baseline 0.001 -23"><span class='ocrx_word' id='word_1_122' title='bbox 366 1549 426 1608; x_wconf 85' lang='grc' dir='ltr'>δὲ</span> <span class='ocrx_word' id='word_1_123' title='bbox 468 1553 543 1629; x_wconf 86' lang='grc' dir='ltr'>τῇ</span> <span class='ocrx_word' id='word_1_124' title='bbox 587 1550 678 1628; x_wconf 81' lang='grc' dir='ltr'>ἴδῃ</span> <span class='ocrx_word' id='word_1_125' title='bbox 724 1551 797 1628; x_wconf 79' lang='grc' dir='ltr'>τῇ</span> <span class='ocrx_word' id='word_1_126' title='bbox 837 1550 1083 1628; x_wconf 87' lang='grc' dir='ltr'>πλείστῃ</span> <span class='ocrx_word' id='word_1_127' title='bbox 1128 1550 1252 1610; x_wconf 83' lang='grc' dir='ltr'>ἐστὶ</span> <span class='ocrx_word' id='word_1_128' title='bbox 1293 1552 1466 1628; x_wconf 86' lang='grc' dir='ltr'>λίμνη</span> <span class='ocrx_word' id='word_1_129' title='bbox 1506 1549 1729 1631; x_wconf 89' lang='grc' dir='ltr'>μεγάλη</span> <span class='ocrx_word' id='word_1_130' title='bbox 1770 1577 1832 1610; x_wconf 92' lang='grc' dir='ltr'>τε</span> <span class='ocrx_word' id='word_1_131' title='bbox 1873 1553 1966 1611; x_wconf 80' lang='grc' dir='ltr'>καὶ</span> 
     </span>
     <span class='ocr_line' id='line_1_18' title="bbox 364 1634 1966 1716; baseline 0.001 -20"><span class='ocrx_word' id='word_1_132' title='bbox 364 1637 573 1714; x_wconf 77' lang='grc' dir='ltr'>πολλή,</span> <span class='ocrx_word' id='word_1_133' title='bbox 601 1638 694 1697; x_wconf 73' lang='grc' dir='ltr'>καὶ</span> <span class='ocrx_word' id='word_1_134' title='bbox 722 1638 850 1701; x_wconf 81' lang='grc' dir='ltr'>ἕλος</span> <span class='ocrx_word' id='word_1_135' title='bbox 878 1637 971 1695; x_wconf 86' lang='grc' dir='ltr'>καὶ</span> <span class='ocrx_word' id='word_1_136' title='bbox 997 1634 1253 1714; x_wconf 85' lang='grc' dir='ltr'>κάλαμος</span> <span class='ocrx_word' id='word_1_137' title='bbox 1276 1638 1406 1716; x_wconf 86' lang='grc' dir='ltr'>περὶ</span> <span class='ocrx_word' id='word_1_138' title='bbox 1431 1637 1622 1714; x_wconf 73' lang='grc' dir='ltr'>αὐτήν·</span> <span class='ocrx_word' id='word_1_139' title='bbox 1664 1643 1722 1698; x_wconf 88' lang='grc' dir='ltr'>ἐν</span> <span class='ocrx_word' id='word_1_140' title='bbox 1755 1639 1814 1697; x_wconf 81' lang='grc' dir='ltr'>δὲ</span> <span class='ocrx_word' id='word_1_141' title='bbox 1839 1641 1966 1699; x_wconf 85' lang='grc' dir='ltr'>ταύ-</span> 
     </span>
     <span class='ocr_line' id='line_1_19' title="bbox 362 1725 1968 1804; baseline 0.001 -19"><span class='ocrx_word' id='word_1_142' title='bbox 362 1751 433 1804; x_wconf 86' lang='grc' dir='ltr'>τῃ</span> <span class='ocrx_word' id='word_1_143' title='bbox 455 1725 688 1804; x_wconf 73' lang='grc' dir='ltr'>ἐνύδριες</span> <span class='ocrx_word' id='word_1_144' title='bbox 708 1725 1056 1794; x_wconf 73' lang='grc' dir='ltr'>ἁλίσκονται,</span> <span class='ocrx_word' id='word_1_145' title='bbox 1076 1727 1168 1783; x_wconf 84' lang='grc' dir='ltr'>καὶ</span> <span class='ocrx_word' id='word_1_146' title='bbox 1195 1726 1480 1802; x_wconf 84' lang='grc' dir='ltr'>κάστορες,</span> <span class='ocrx_word' id='word_1_147' title='bbox 1510 1727 1601 1785; x_wconf 84' lang='grc' dir='ltr'>καὶ</span> <span class='ocrx_word' id='word_1_148' title='bbox 1621 1725 1776 1786; x_wconf 74' lang='grc' dir='ltr'>ἄλλα</span> <span class='ocrx_word' id='word_1_149' title='bbox 1801 1727 1968 1804; x_wconf 86' lang='grc' dir='ltr'>θηρία</span> 
     </span>
     <span class='ocr_line' id='line_1_20' title="bbox 364 1812 1968 1894; baseline 0.001 -22"><span class='ocrx_word' id='word_1_150' title='bbox 364 1812 970 1894; x_wconf 86' lang='grc' dir='ltr'>τετραγωνοπρόσωπα,</span> <span class='ocrx_word' id='word_1_151' title='bbox 986 1839 1097 1873; x_wconf 92' lang='grc' dir='ltr'>των</span> <span class='ocrx_word' id='word_1_152' title='bbox 1121 1812 1192 1872; x_wconf 75' lang='grc' dir='ltr'>τοὶ</span> <span class='ocrx_word' id='word_1_153' title='bbox 1220 1814 1464 1890; x_wconf 88' lang='grc' dir='ltr'>δέρματα</span> <span class='ocrx_word' id='word_1_154' title='bbox 1488 1815 1618 1890; x_wconf 86' lang='grc' dir='ltr'>περὶ</span> <span class='ocrx_word' id='word_1_155' title='bbox 1640 1839 1743 1876; x_wconf 89' lang='grc' dir='ltr'>τας</span> <span class='ocrx_word' id='word_1_156' title='bbox 1769 1814 1968 1892; x_wconf 81' lang='grc' dir='ltr'>σισύρ-</span> 
     </span>
     <span class='ocr_line' id='line_1_21' title="bbox 364 1898 1966 2011; baseline 0 -52"><span class='ocrx_word' id='word_1_157' title='bbox 364 1925 462 1963; x_wconf 89' lang='grc' dir='ltr'>νας</span> <span class='ocrx_word' id='word_1_158' title='bbox 486 1898 974 2011; x_wconf 82' lang='grc' dir='ltr'>παραρράπτεται·</span> <span class='ocrx_word' id='word_1_159' title='bbox 1009 1901 1101 1958; x_wconf 88' lang='grc' dir='ltr'>καὶ</span> <span class='ocrx_word' id='word_1_160' title='bbox 1127 1926 1182 1959; x_wconf 92' lang='grc' dir='ltr'>οι</span> <span class='ocrx_word' id='word_1_161' title='bbox 1209 1899 1392 1989; x_wconf 77' lang='grc' dir='ltr'>ὄρχιες</span> <span class='ocrx_word' id='word_1_162' title='bbox 1426 1900 1653 1960; x_wconf 87' lang='grc' dir='ltr'>αυτοῖσί</span> <span class='ocrx_word' id='word_1_163' title='bbox 1681 1905 1791 1959; x_wconf 82' lang='grc' dir='ltr'>εἶσι</span> <span class='ocrx_word' id='word_1_164' title='bbox 1829 1902 1966 1980; x_wconf 85' lang='grc' dir='ltr'>χρή-</span> 
     </span>
     <span class='ocr_line' id='line_1_22' title="bbox 365 1986 1154 2062; baseline 0.004 -18"><span class='ocrx_word' id='word_1_165' title='bbox 365 2011 529 2062; x_wconf 89' lang='grc' dir='ltr'>σιμοι</span> <span class='ocrx_word' id='word_1_166' title='bbox 554 1991 609 2049; x_wconf 87' lang='grc' dir='ltr'>ἐς</span> <span class='ocrx_word' id='word_1_167' title='bbox 635 1986 912 2062; x_wconf 81' lang='grc' dir='ltr'>ὖστερέων</span> <span class='ocrx_word' id='word_1_168' title='bbox 938 2012 1154 2047; x_wconf 88' lang='grc' dir='ltr'>ακεσιν.</span> 
     </span>
    </p>

    <p class='ocr_par' dir='ltr' id='par_1_2' title="bbox 366 2071 2061 3378">
     <span class='ocr_line' id='line_1_23' title="bbox 448 2071 2061 2154; baseline 0.004 -24"><span class='ocrx_word' id='word_1_169' title='bbox 448 2073 850 2149; x_wconf 79' lang='grc' dir='ltr'>Σαυροματέων</span> <span class='ocrx_word' id='word_1_170' title='bbox 878 2073 937 2132; x_wconf 92' lang='grc' dir='ltr'>δε</span> <span class='ocrx_word' id='word_1_171' title='bbox 962 2075 1091 2152; x_wconf 90' lang='grc' dir='ltr'>πέρι</span> <span class='ocrx_word' id='word_1_172' title='bbox 1120 2071 1223 2134; x_wconf 88' lang='grc' dir='ltr'>ωδε</span> <span class='ocrx_word' id='word_1_173' title='bbox 1249 2074 1492 2154; x_wconf 89' lang='grc' dir='ltr'>λέγεται·</span> <span class='ocrx_word' id='word_1_174' title='bbox 1533 2073 1627 2134; x_wconf 80' lang='grc' dir='ltr'>ὅτε</span> <span class='ocrx_word' id='word_1_175' title='bbox 1647 2074 1925 2152; x_wconf 85' lang='grc' dir='ltr'>Ἕλληνες</span> <span class='ocrx_word' id='word_1_176' title='bbox 1945 2078 2061 2136; x_wconf 87' lang='grc'>110</span> 
     </span>
     <span class='ocr_line' id='line_1_24' title="bbox 366 2158 1965 2241; baseline 0.004 -24"><span class='ocrx_word' id='word_1_177' title='bbox 366 2158 644 2236; x_wconf 83' lang='grc' dir='ltr'>Ἀμαζόσι</span> <span class='ocrx_word' id='word_1_178' title='bbox 683 2160 1052 2240; x_wconf 84' lang='grc' dir='ltr'>ἐμαχέσαντο,</span> <span class='ocrx_word' id='word_1_179' title='bbox 1083 2162 1208 2241; x_wconf 85' lang='grc' dir='ltr'>(τοὶς</span> <span class='ocrx_word' id='word_1_180' title='bbox 1249 2163 1308 2221; x_wconf 80' lang='grc' dir='ltr'>δὲ</span> <span class='ocrx_word' id='word_1_181' title='bbox 1345 2161 1656 2239; x_wconf 85' lang='grc' dir='ltr'>Ἀμαζόνας</span> <span class='ocrx_word' id='word_1_182' title='bbox 1697 2164 1965 2223; x_wconf 90' lang='grc' dir='ltr'>καλέουσι</span> 
     </span>
     <span class='ocr_line' id='line_1_25' title="bbox 370 2246 1966 2326; baseline 0.003 -21"><span class='ocrx_word' id='word_1_183' title='bbox 370 2249 424 2306; x_wconf 80' lang='grc' dir='ltr'>οἱ</span> <span class='ocrx_word' id='word_1_184' title='bbox 465 2246 677 2312; x_wconf 80' lang='grc' dir='ltr'>Σκύθαι</span> <span class='ocrx_word' id='word_1_185' title='bbox 718 2247 1031 2326; x_wconf 77' lang='grc' dir='ltr'>Οἰόρπατα·</span> <span class='ocrx_word' id='word_1_186' title='bbox 1074 2249 1298 2310; x_wconf 86' lang='grc' dir='ltr'>δύναται</span> <span class='ocrx_word' id='word_1_187' title='bbox 1339 2250 1398 2309; x_wconf 81' lang='grc' dir='ltr'>δὲ</span> <span class='ocrx_word' id='word_1_188' title='bbox 1435 2249 1502 2310; x_wconf 61' lang='lat' dir='ltr'>vd</span> <span class='ocrx_word' id='word_1_189' title='bbox 1544 2248 1754 2326; x_wconf 77' lang='grc' dir='ltr'>οὔνομα</span> <span class='ocrx_word' id='word_1_190' title='bbox 1799 2255 1966 2311; x_wconf 82' lang='grc' dir='ltr'>τοῦτο</span> 
     </span>
     <span class='ocr_line' id='line_1_26' title="bbox 370 2333 1966 2419; baseline 0.004 -26"><span class='ocrx_word' id='word_1_191' title='bbox 370 2335 510 2394; x_wconf 84' lang='grc' dir='ltr'>κατοὶ</span> <span class='ocrx_word' id='word_1_192' title='bbox 559 2333 815 2394; x_wconf 85' lang='grc' dir='ltr'>Ἑλλάδα</span> <span class='ocrx_word' id='word_1_193' title='bbox 857 2340 1136 2417; x_wconf 81' lang='grc' dir='ltr'>γλῶσσαν</span> <span class='ocrx_word' id='word_1_194' title='bbox 1183 2337 1556 2416; x_wconf 74' lang='grc' dir='ltr'>ἀνδροκτόνοι·</span> <span class='ocrx_word' id='word_1_195' title='bbox 1619 2344 1804 2398; x_wconf 94' lang='lat' dir='ltr'>OIOP</span> <span class='ocrx_word' id='word_1_196' title='bbox 1854 2338 1966 2419; x_wconf 81' lang='grc' dir='ltr'>γοῖρ</span> 
     </span>
     <span class='ocr_line' id='line_1_27' title="bbox 369 2422 1968 2508; baseline 0.004 -29"><span class='ocrx_word' id='word_1_197' title='bbox 369 2422 638 2481; x_wconf 90' lang='grc' dir='ltr'>καλέουσι</span> <span class='ocrx_word' id='word_1_198' title='bbox 677 2422 777 2482; x_wconf 76' lang='grc' dir='ltr'>τᾶν</span> <span class='ocrx_word' id='word_1_199' title='bbox 822 2422 1011 2499; x_wconf 78' lang='grc' dir='ltr'>ἄνδρα,</span> <span class='ocrx_word' id='word_1_200' title='bbox 1053 2424 1120 2484; x_wconf 78' lang='grc' dir='ltr'><em>τό</em></span> <span class='ocrx_word' id='word_1_201' title='bbox 1169 2425 1230 2483; x_wconf 82' lang='grc' dir='ltr'>δὲ</span> <span class='ocrx_word' id='word_1_202' title='bbox 1269 2431 1482 2484; x_wconf 88' lang='grc' dir='ltr'><strong>ΠΑΤΑ</strong></span> <span class='ocrx_word' id='word_1_203' title='bbox 1530 2427 1798 2508; x_wconf 89' lang='grc' dir='ltr'>κτείνειν·)</span> <span class='ocrx_word' id='word_1_204' title='bbox 1840 2425 1968 2487; x_wconf 89' lang='grc' dir='ltr'>τότε</span> 
     </span>
     <span class='ocr_line' id='line_1_28' title="bbox 367 2509 1963 2591; baseline 0.003 -23"><span class='ocrx_word' id='word_1_205' title='bbox 367 2509 555 2590; x_wconf 89' lang='grc' dir='ltr'>λόγος,</span> <span class='ocrx_word' id='word_1_206' title='bbox 598 2509 730 2572; x_wconf 74' lang='grc' dir='ltr'>τοῦς</span> <span class='ocrx_word' id='word_1_207' title='bbox 762 2509 1068 2587; x_wconf 79' lang='grc' dir='ltr'>Ἕλληνας,</span> <span class='ocrx_word' id='word_1_208' title='bbox 1115 2511 1450 2587; x_wconf 85' lang='grc' dir='ltr'>νικήσαντας</span> <span class='ocrx_word' id='word_1_209' title='bbox 1490 2517 1562 2591; x_wconf 79' lang='grc' dir='ltr'>τῇ</span> <span class='ocrx_word' id='word_1_210' title='bbox 1605 2514 1695 2572; x_wconf 86' lang='grc' dir='ltr'>ἐπὶ</span> <span class='ocrx_word' id='word_1_211' title='bbox 1741 2514 1963 2591; x_wconf 76' lang='grc' dir='ltr'>Θερμώ-</span> 
     </span>
     <span class='ocr_line' id='line_1_29' title="bbox 368 2597 1968 2680; baseline 0.003 -24"><span class='ocrx_word' id='word_1_212' title='bbox 368 2597 518 2657; x_wconf 89' lang='grc' dir='ltr'>δοντι</span> <span class='ocrx_word' id='word_1_213' title='bbox 584 2597 761 2676; x_wconf 87' lang='grc' dir='ltr'>μάχῃ,</span> <span class='ocrx_word' id='word_1_214' title='bbox 818 2598 1126 2660; x_wconf 75' lang='grc' dir='ltr'>ἀποπλέειν</span> <span class='ocrx_word' id='word_1_215' title='bbox 1187 2599 1425 2680; x_wconf 80' lang='grc' dir='ltr'>ἄγοντας</span> <span class='ocrx_word' id='word_1_216' title='bbox 1490 2601 1645 2677; x_wconf 86' lang='grc' dir='ltr'>τρισὶ</span> <span class='ocrx_word' id='word_1_217' title='bbox 1710 2603 1968 2662; x_wconf 88' lang='grc' dir='ltr'>πλοίοισι</span> 
     </span>
     <span class='ocr_line' id='line_1_30' title="bbox 366 2683 1969 2769; baseline 0.004 -27"><span class='ocrx_word' id='word_1_218' title='bbox 366 2689 477 2743; x_wconf 79' lang='grc' dir='ltr'>τῶν</span> <span class='ocrx_word' id='word_1_219' title='bbox 526 2683 849 2761; x_wconf 85' lang='grc' dir='ltr'>Ἀμαζόνων</span> <span class='ocrx_word' id='word_1_220' title='bbox 892 2685 1033 2750; x_wconf 83' lang='grc' dir='ltr'>ὅσας</span> <span class='ocrx_word' id='word_1_221' title='bbox 1076 2687 1344 2762; x_wconf 80' lang='grc' dir='ltr'>ἠδυνέατο</span> <span class='ocrx_word' id='word_1_222' title='bbox 1393 2689 1698 2769; x_wconf 78' lang='grc' dir='ltr'>ζωγρῆσαι·</span> <span class='ocrx_word' id='word_1_223' title='bbox 1766 2689 1867 2752; x_wconf 77' lang='grc' dir='ltr'>τοῖς</span> <span class='ocrx_word' id='word_1_224' title='bbox 1909 2690 1969 2748; x_wconf 85' lang='grc' dir='ltr'>δὲ</span> 
     </span>
     <span class='ocr_line' id='line_1_31' title="bbox 370 2771 1967 2854; baseline 0.007 -25"><span class='ocrx_word' id='word_1_225' title='bbox 370 2775 428 2832; x_wconf 89' lang='grc' dir='ltr'>ἐν</span> <span class='ocrx_word' id='word_1_226' title='bbox 478 2775 555 2850; x_wconf 78' lang='grc' dir='ltr'>τῷ</span> <span class='ocrx_word' id='word_1_227' title='bbox 606 2771 843 2852; x_wconf 87' lang='grc' dir='ltr'>πελάγεῖ</span> <span class='ocrx_word' id='word_1_228' title='bbox 896 2774 1237 2850; x_wconf 83' lang='grc' dir='ltr'>ἐπιθεμένας,</span> <span class='ocrx_word' id='word_1_229' title='bbox 1283 2775 1514 2854; x_wconf 82' lang='grc' dir='ltr'>ἐκκόψαι</span> <span class='ocrx_word' id='word_1_230' title='bbox 1567 2775 1695 2840; x_wconf 74' lang='grc' dir='ltr'>τοῦς</span> <span class='ocrx_word' id='word_1_231' title='bbox 1747 2775 1967 2854; x_wconf 76' lang='grc' dir='ltr'>ἄνδρας·</span> 
     </span>
     <span class='ocr_line' id='line_1_32' title="bbox 367 2858 1969 2942; baseline 0.003 -24"><span class='ocrx_word' id='word_1_232' title='bbox 367 2863 545 2919; x_wconf 81' lang='grc' dir='ltr'>πλοῖα</span> <span class='ocrx_word' id='word_1_233' title='bbox 597 2860 657 2918; x_wconf 88' lang='grc' dir='ltr'>δὲ</span> <span class='ocrx_word' id='word_1_234' title='bbox 714 2858 779 2918; x_wconf 77' lang='grc' dir='ltr'>οὗ</span> <span class='ocrx_word' id='word_1_235' title='bbox 846 2860 1140 2942; x_wconf 81' lang='grc' dir='ltr'>γινώσκειν</span> <span class='ocrx_word' id='word_1_236' title='bbox 1203 2861 1388 2935; x_wconf 70' lang='grc' dir='ltr'>αὖτοῖς,</span> <span class='ocrx_word' id='word_1_237' title='bbox 1449 2864 1575 2924; x_wconf 74' lang='grc' dir='ltr'>οὐδὲ</span> <span class='ocrx_word' id='word_1_238' title='bbox 1635 2865 1969 2940; x_wconf 87' lang='grc' dir='ltr'>πηδαλίοισι</span> 
     </span>
     <span class='ocr_line' id='line_1_33' title="bbox 368 2947 1970 3029; baseline 0.001 -22"><span class='ocrx_word' id='word_1_239' title='bbox 368 2949 637 3026; x_wconf 79' lang='grc' dir='ltr'>χρῆσθαι,</span> <span class='ocrx_word' id='word_1_240' title='bbox 696 2947 821 3007; x_wconf 74' lang='grc' dir='ltr'>οὐδὲ</span> <span class='ocrx_word' id='word_1_241' title='bbox 878 2948 1127 3018; x_wconf 81' lang='grc' dir='ltr'>ἱστίοισι,</span> <span class='ocrx_word' id='word_1_242' title='bbox 1187 2949 1312 3009; x_wconf 76' lang='grc' dir='ltr'>οὐδὲ</span> <span class='ocrx_word' id='word_1_243' title='bbox 1371 2952 1598 3029; x_wconf 81' lang='grc' dir='ltr'>εἰρεσίῃ·</span> <span class='ocrx_word' id='word_1_244' title='bbox 1660 2950 1792 3008; x_wconf 79' lang='grc' dir='ltr'>ἀλλ’</span> <span class='ocrx_word' id='word_1_245' title='bbox 1851 2951 1970 3010; x_wconf 88' lang='grc' dir='ltr'>ἐπεὶ</span> 
     </span>
     <span class='ocr_line' id='line_1_34' title="bbox 370 3034 1972 3114; baseline 0.001 -20"><span class='ocrx_word' id='word_1_246' title='bbox 370 3036 641 3112; x_wconf 82' lang='grc' dir='ltr'>ἐξέκοψαν</span> <span class='ocrx_word' id='word_1_247' title='bbox 694 3035 821 3099; x_wconf 77' lang='grc' dir='ltr'>τούς</span> <span class='ocrx_word' id='word_1_248' title='bbox 869 3034 1089 3113; x_wconf 74' lang='grc' dir='ltr'>ἄνδρας,</span> <span class='ocrx_word' id='word_1_249' title='bbox 1148 3038 1416 3114; x_wconf 86' lang='grc' dir='ltr'>ἐφέροντο</span> <span class='ocrx_word' id='word_1_250' title='bbox 1471 3038 1611 3097; x_wconf 72' lang='grc' dir='ltr'>κατοῖ</span> <span class='ocrx_word' id='word_1_251' title='bbox 1667 3041 1814 3113; x_wconf 83' lang='grc' dir='ltr'>κῦμα</span> <span class='ocrx_word' id='word_1_252' title='bbox 1880 3039 1972 3096; x_wconf 89' lang='grc' dir='ltr'>καὶ</span> 
     </span>
     <span class='ocr_line' id='line_1_35' title="bbox 370 3121 1970 3202; baseline 0.003 -21"><span class='ocrx_word' id='word_1_253' title='bbox 370 3121 593 3199; x_wconf 78' lang='grc' dir='ltr'>ἄνεμον·</span> <span class='ocrx_word' id='word_1_254' title='bbox 653 3124 746 3182; x_wconf 87' lang='grc' dir='ltr'>καὶ</span> <span class='ocrx_word' id='word_1_255' title='bbox 792 3123 1145 3185; x_wconf 76' lang='grc' dir='ltr'>ἀπικνέονται</span> <span class='ocrx_word' id='word_1_256' title='bbox 1188 3130 1290 3200; x_wconf 84' lang='grc' dir='ltr'>τῆς</span> <span class='ocrx_word' id='word_1_257' title='bbox 1335 3127 1538 3202; x_wconf 87' lang='grc' dir='ltr'>λίμνης</span> <span class='ocrx_word' id='word_1_258' title='bbox 1582 3129 1688 3200; x_wconf 24' lang='grc' dir='ltr'>τῆς,</span> <span class='ocrx_word' id='word_1_259' title='bbox 1729 3125 1970 3200; x_wconf 78' lang='grc' dir='ltr'>Μαιήτι-</span> 
     </span>
     <span class='ocr_line' id='line_1_36' title="bbox 370 3210 1972 3292; baseline 0.002 -22"><span class='ocrx_word' id='word_1_260' title='bbox 370 3210 464 3274; x_wconf 88' lang='grc' dir='ltr'>δος</span> <span class='ocrx_word' id='word_1_261' title='bbox 516 3213 609 3272; x_wconf 86' lang='grc' dir='ltr'>ἐπὶ</span> <span class='ocrx_word' id='word_1_262' title='bbox 664 3213 981 3289; x_wconf 83' lang='grc' dir='ltr'>Κρημνούς·</span> <span class='ocrx_word' id='word_1_263' title='bbox 1042 3215 1097 3272; x_wconf 79' lang='grc' dir='ltr'>οἳ</span> <span class='ocrx_word' id='word_1_264' title='bbox 1149 3213 1208 3271; x_wconf 78' lang='grc' dir='ltr'>δὲ</span> <span class='ocrx_word' id='word_1_265' title='bbox 1255 3213 1514 3290; x_wconf 84' lang='grc' dir='ltr'>Κρημνοὶ</span> <span class='ocrx_word' id='word_1_266' title='bbox 1563 3213 1674 3270; x_wconf 84' lang='grc' dir='ltr'>εἶσὶ</span> <span class='ocrx_word' id='word_1_267' title='bbox 1721 3215 1826 3292; x_wconf 87' lang='grc' dir='ltr'>γῆς</span> <span class='ocrx_word' id='word_1_268' title='bbox 1872 3216 1972 3287; x_wconf 79' lang='grc' dir='ltr'>τῆς</span> 
     </span>
     <span class='ocr_line' id='line_1_37' title="bbox 370 3297 1974 3378; baseline 0 -18"><span class='ocrx_word' id='word_1_269' title='bbox 370 3300 628 3362; x_wconf 79' lang='grc' dir='ltr'>Σκυθέων</span> <span class='ocrx_word' id='word_1_270' title='bbox 652 3303 762 3362; x_wconf 74' lang='grc' dir='ltr'>τῶν</span> <span class='ocrx_word' id='word_1_271' title='bbox 788 3300 1108 3378; x_wconf 84' lang='grc' dir='ltr'>ἐλευθέρων·</span> <span class='ocrx_word' id='word_1_272' title='bbox 1137 3300 1374 3360; x_wconf 82' lang='grc' dir='ltr'>ἐνθαῦτα</span> <span class='ocrx_word' id='word_1_273' title='bbox 1400 3297 1699 3375; x_wconf 77' lang='grc' dir='ltr'>ἀποβᾶσαι</span> <span class='ocrx_word' id='word_1_274' title='bbox 1726 3297 1838 3359; x_wconf 78' lang='grc' dir='ltr'>α’πό</span> <span class='ocrx_word' id='word_1_275' title='bbox 1864 3303 1974 3360; x_wconf 76' lang='grc' dir='ltr'>τῶν</span> 
     </span>
    </p>
   </div>
  </div>
 </body>
</html>
