2267 3517
382 141 667 207 111—113]
1073 144 1297 194 mm.
1918 144 1979 197 ⁵7

375 221 583 305 πάγου·
633 223 726 283 καὶ
764 223 1009 301 πρόκατε
1053 223 1122 300 δὴ
1164 222 1283 284 κατ’
1321 222 1453 284 ὁδόν
1494 222 1845 301 πυνθάνομαι
1882 222 1982 283 τόν

375 309 562 372 πάντα
603 311 779 393 λόγον
824 310 1179 389 θεράποντος,
1226 311 1288 374 ὃς
1341 313 1439 387 ἐμὲ
1488 311 1833 389 προπέμπων
1880 311 1982 381 ἔξω

375 398 578 463 πόλιος
611 400 913 478 ἐνεχείρισε
946 398 1012 459 τό
1048 401 1287 477 βρέφος·
1331 398 1403 462 ὥς
1438 397 1547 475 ἄρα
1584 398 1884 474 Μανδάνης
1917 425 1979 459 τε

378 487 465 562 εἴη
482 491 614 551 παῖς
636 492 736 563 τῆς
759 485 1084 569 Ἀστυάγεω
1105 486 1395 568 θυγατρός,
1417 487 1511 545 καὶ
1531 486 1861 563 Καμβύσεω
1879 491 1979 547 τοῦ

333 635 340 643 ,
377 573 586 653 Κύρου·
640 576 737 635 καί
776 601 876 652 μιν
911 573 1231 656 Ἀστυάγης
1271 576 1605 634 ἐντέλλεται’
1637 573 1976 635 ἀποκτεῖναι·

375 666 474 722 νῦν
497 688 560 721 τε
586 662 679 722 ὅδε
707 661 880 722 ἐστί.”
935 660 1096 739 'Apa
1121 663 1182 721 δὲ
1206 666 1385 722 ταῦτα
1410 662 1567 743 ἔλεγε
1593 660 1625 722 ὁ
1655 662 1936 739 βουκόλος
1955 664 2070 723 112

375 750 468 809 καὶ
508 748 826 828 ἐκκαλύψας
859 749 1196 810 ἀπεδείκνυε·
1235 748 1274 826 ἦ
1310 750 1371 809 δὲ
1406 749 1477 813 ὦς
1513 748 1622 809 εἶδε
1654 750 1721 811 τό
1756 751 1976 811 παιδίον

371 837 522 919 μέγα
557 864 621 898 τε
661 839 754 898 καὶ
795 837 993 901 εὐειδὲς
1033 837 1139 909 ε’ὂν,
1174 837 1507 915 δακρύσασα
1547 838 1639 898 καὶ
1678 839 1974 916 λαβομένη

371 929 484 985 τῶν
511 925 792 1008 γουνάτων
822 930 923 986 τοῦ
959 925 1172 1003 άνδρός,
1201 927 1397 1005 ἔχρῃζε
1425 926 1670 1005 μηδεμιῇ
1694 928 1863 1007 τέχνῃ
1890 933 1972 987 ἐκ·

375 1013 556 1074 θεῖναί
582 1039 700 1091 μιν·
741 1014 773 1074 ὅ
807 1015 868 1073 δὲ
905 1012 1006 1073 οὐκ
1043 1015 1153 1090 ἔφη
1186 1013 1301 1077 οἶός
1334 1039 1397 1073 τε
1433 1014 1570 1073 εἶναι
1606 1012 1792 1078 ἄλλως
1832 1012 1971 1075 αὖτᾶ

374 1102 598 1162 ποιέειν·
639 1100 1027 1178 ἐπιφοιτήσειν
1049 1102 1162 1183 γοὶρ
1190 1100 1577 1165 κατασκόπους
1602 1100 1664 1171 ἐξ
1684 1100 1973 1183 Ἀρπάγου

375 1190 771 1266 ἐποψομένους·
812 1189 1165 1250 ἀπολέεσθαί
1197 1214 1261 1249 τε
1300 1187 1539 1249 κάκιστα
1575 1187 1646 1265 ἦν
1690 1187 1773 1266 μή
1817 1195 1975 1265 σφεα

373 1272 607 1355 ποιήσῃ·
651 1276 720 1341 ὥς
760 1277 820 1336 δὲ
860 1276 960 1337 οὐκ
1002 1278 1184 1338 ἔπειθε
1222 1274 1331 1354 ἄρα
1370 1276 1470 1337 τόν
1514 1276 1701 1355 ἄνδρα,
1745 1275 1971 1354 δεύτερα

374 1363 532 1443 λέγει
547 1363 586 1439 ἦ
604 1362 743 1445 γυνή
763 1362 913 1424 τάδε·
943 1366 1102 1423 “ἐπεὶ
1120 1364 1305 1425 τοίνυν
1330 1361 1395 1425 οὔ
1414 1363 1654 1442 δύναμαί
1675 1390 1744 1424 σε
1762 1365 1972 1425 πείθειν

370 1449 454 1526 μή
477 1452 728 1523 ἐκθεῖναι,
751 1450 824 1511 σι)
847 1451 907 1511 δὲ
933 1449 1034 1511 ὧδε
1053 1452 1313 1527 ποίησον,
1332 1456 1380 1511 εἰ
1399 1450 1468 1528 δή
1488 1451 1736 1535 πᾶσάγε
1756 1451 1969 1535 ἀνάγκη

370 1536 617 1615 ὀφθῆναι
650 1540 978 1625 ἐκκείμενον·
1019 1540 1220 1599 τέτοκα
1252 1539 1363 1621 γὰρ
1400 1542 1493 1599 καὶ
1530 1540 1654 1622 ἐγῶ,
1679 1541 1879 1601 τέτοκα
1909 1541 1970 1601 δὲ

327 1678 334 1689 .
368 1626 604 1690 τεθνεός·
636 1630 802 1688 τοῦτο
827 1628 932 1704 μὲν
953 1627 1137 1705 φέρων
1161 1626 1381 1705 πρόθες,
1400 1626 1499 1688 τόν
1523 1627 1582 1687 δὲ
1607 1632 1708 1704 τῆς
1731 1627 1968 1688 Ἀστυά-

367 1740 478 1799 γεω
513 1716 785 1798 θυγατρός
814 1716 990 1775 παῖδα
1029 1714 1101 1795 ὥς
1142 1715 1205 1785 ἐξ
1239 1713 1425 1791 ἡμέων
1460 1714 1620 1776 ἐόντα
1657 1717 1966 1793 τρέφωμεν·

369 1803 462 1862 καὶ
497 1805 639 1864 οὕτω
677 1802 804 1865 οὔτε
844 1802 918 1863 σι)
937 1801 1207 1862 ’ἁλώσεαι
1240 1802 1469 1863 ἀδικέων
1504 1802 1635 1867 τους
1673 1803 1965 1875 δεσπότας,

369 1890 494 1952 οὔτε
519 1891 654 1968 ἡμῖν
680 1894 860 1954 κακῶς
887 1891 1317 1968 βεβουλευμένα
1343 1892 1520 1951 ἔσται·
1561 1889 1594 1951 ὅ
1624 1917 1687 1952 τε
1709 1889 1821 1973 γάρ
1844 1894 1966 1953 τεθ-

367 1978 500 2042 νεῶς
537 1980 848 2056 βασιληίης
886 1982 1072 2055 ταφῆς
1111 1977 1361 2058 κυρήσει,
1396 1980 1489 2038 καὶ
1527 1977 1560 2039 ὅ
1599 1979 1830 2056 περιεῶν
1866 1979 1964 2039 οὔκ

368 2064 600 2125 α’,πολέει
623 2065 726 2143 τὴν
752 2066 988 2145 ψυχήν.”
1057 2065 1257 2144 Κάρτα
1286 2091 1350 2126 τε
1383 2066 1535 2135 ἔδοξε
1562 2069 1640 2143 τῷ
1660 2065 1923 2145 βουκόλῳ
1944 2070 2058 2127 113

366 2152 507 2229 πρός
529 2152 604 2213 τὰ
625 2154 903 2231 παρεόντα
931 2153 989 2213 εὖ
1010 2155 1197 2236 λέγειν
1213 2153 1251 2230 ἦ
1268 2153 1425 2235 γυνὴ,
1447 2154 1540 2212 καὶ
1564 2152 1761 2212 αὐτίκα
1785 2154 1964 2214 ἐποίεε

365 2244 561 2300 ταῦτα.
641 2240 740 2301 τόν
768 2243 872 2318 μὲν
898 2242 1062 2319 ἔφερε
1088 2241 1421 2303 θανατώσων
1444 2241 1618 2300 παῖδα
1640 2246 1837 2301 τοῦτον
1860 2245 1965 2319 μὲν

364 2328 662 2406 παραδιδοῖ
694 2332 768 2408 τῇ
810 2332 1009 2389 ἑωυτοῦ
1046 2329 1283 2411 γυναικὶ,
1322 2328 1422 2389 τόν
1461 2329 1521 2388 δὲ
1561 2331 1763 2389 ἑωυτοῦ
1802 2329 1963 2391 ἐόντα

364 2416 558 2494 νεκρόν
596 2416 796 2495 λαβών
836 2418 996 2494 ἔθηκε
1037 2422 1092 2481 ἐς
1131 2415 1199 2477 τὸ
1238 2416 1411 2499 ἄγγος
1450 2422 1510 2477 ἐν
1546 2421 1624 2496 τῷ
1661 2419 1839 2503 ἔφερε.
1861 2418 1961 2479 τόν

366 2504 570 2583 ἕτερον·
612 2504 908 2583 κοσμήσας
947 2506 1030 2564 δὲ’
1051 2510 1128 2584 τῷ
1174 2503 1388 2583 κόσμῳ,
1414 2505 1581 2565 παντὶ
1624 2510 1724 2565 τοῦ
1770 2506 1960 2583 ἑτέρου

363 2592 574 2667 παιδός,
610 2594 793 2671 φέρων
834 2599 888 2657 ἐς
921 2593 988 2653 τό
1031 2591 1375 2670 ἐρημότατον
1408 2596 1517 2653 τῶν
1558 2591 1759 2670 οὐρέων
1798 2594 1956 2653 τιθεῖ.

365 2679 436 2743 ὦς
471 2680 530 2739 δὲ
562 2682 721 2757 τρίτη
744 2681 925 2759 ἡμέρη
955 2684 1033 2759 τῷ
1062 2680 1263 2759 παιδίῳ
1299 2680 1584 2759 ἐκκειμένῳ
1614 2681 1845 2762 ἐγένετο,
1870 2680 1958 2757 ἤϊε

364 2772 419 2830 ἐς
449 2768 620 2827 πόλιν
651 2768 682 2828 ὁ
717 2769 1000 2846 βουκόλος
1029 2771 1143 2827 τῶν
1174 2793 1301 2828 τινα
1334 2767 1676 2846 προβόσκων
1702 2768 1958 2845 φίλακον

363 2854 534 2915 αὐτοῦ
573 2855 909 2927 καταλιπῶν,
947 2854 1126 2917 ε’λθῶν
1167 2856 1227 2915 δὲ
1267 2861 1322 2919 ἐς
1359 2860 1459 2915 τοῦ
1494 2855 1782 2938 Ἀρπάγου
1820 2857 1956 2918 αἶπο-

363 2942 633 3003 δεικνύναι
673 2944 782 3020 ἔφη
819 2947 1038 3021 ἑτοῖμος
1073 2943 1215 3005 εἶναι
1251 2947 1353 3003 τοῦ
1386 2944 1606 3003 παιδίου
1644 2944 1743 3004 τόν
1778 2946 1955 3005 νέκυν·

360 3032 589 3110 πέμψας
621 3030 681 3090 δὲ
712 3031 745 3090 ὁ
771 3029 1062 3113 Ἀρπαγος
1093 3035 1206 3092 τῶν
1239 3033 1440 3090 ἑωυτοῦ
1474 3030 1797 3109 δορυφόρων
1827 3031 1956 3093 τούς

360 3117 748 3189 πιστοτάτους,
777 3118 889 3178 εἶδέ
915 3143 978 3177 τε
1009 3118 1100 3178 διὰ
1129 3117 1338 3179 τούτων
1370 3119 1463 3177 καὶ
1495 3118 1665 3194 ἔθαψε
1691 3121 1792 3175 τοῦ
1816 3119 1954 3190 βου·

361 3206 536 3268 κόλου
585 3205 653 3266 τό
703 3206 944 3265 παιδίον·
998 3206 1090 3264 καὶ
1139 3204 1206 3265 τὰ
1251 3207 1355 3282 μὲν
1408 3205 1694 3265 ἐτέθαπτο·
1744 3202 1843 3260 τόν
1894 3202 1955 3261 δὲ

358 3292 594 3418 &freq-ov
631 3292 840 3355 τούτων
881 3296 1070 3370 Κῦρον
1109 3292 1497 3369 ὀνομασθέντα
1533 3288 1955 3363 παραλαβοῦσα

529 3388 544 3416 ,
1656 3388 1662 3393 .
