2267 3517
352 126 637 193 205—208]
1042 128 1266 179 nmo.
1859 128 1960 183 ιω

354 206 514 267 οὐδὲν
539 206 609 269 ἂν
635 208 721 285 εἵη
744 212 980 291 πρῆγμα
1004 207 1230 291 γνώμας
1265 208 1366 287 ἐμέ
1389 234 1488 269 σοι
1513 208 1954 285 ἀποφαίνεσθαι·

356 298 407 354 εἶ
445 295 505 355 δὲ
537 296 774 377 ἔγνωκας
804 296 891 357 ὅτι
924 295 1213 375 ἅνθρωπος
1253 297 1346 355 καὶ
1386 295 1462 356 σι)
1504 296 1582 360 εἶς
1623 295 1719 355 καὶ
1762 295 1958 373 ἐτέρων

353 382 645 443 τοιῶνδε”
609 410 815 462 αρχεις,
845 388 1019 445 ἐκεῖνο
1044 410 1266 463 πρωτον
1290 382 1569 461 μάθε,ώς
1609 384 1812 447 κύκλος
1836 386 1947 443 τῶν

355 468 765 582 ἅνθρριπηιων’
739 472 863 531 εστὶ
887 470 1248 583 πρηγμάτων,
1289 471 1727 549 περιφερόμενος
1764 470 1827 531 δὲ
1855 468 1958 531 οὖκ

356 561 423 637 ἐᾷ
447 559 555 618 αἰεὶ
587 584 719 622 τους
744 557 945 623 αύτους
970 558 1259 638 εὐτυχέειν.
1343 558 1452 635 ἤδη
1493 558 1568 619 ὧν
1599 558 1708 641 ἐγω
1733 557 1958 640 γνώμην

355 646 466 726 ἔχω
509 647 637 725 περὶ
676 651 779 707 τοῦ
823 647 1190 726 προκειμένου
1231 646 1559 727 πρήγματος
1597 646 1672 706 τὰ
1713 648 1956 723 ἔμπαλιν

354 731 394 810 ἦ
434 732 605 796 οὗτοι·
647 738 697 795 εἶ
733 734 845 817 γὰρ
885 733 1234 811 ἐθελήσομεν
1261 734 1599 805 ἐσδέξασθαι
1634 759 1766 798 τους
1789 738 1958 795 πολε-

356 823 518 899 μίους
557 828 616 886 ἐς
654 821 759 899 τήν
796 821 1002 902 χώρην,
1040 821 1133 883 ὅδε
1172 848 1262 883 τοι
1302 827 1361 883 ἐν
1391 821 1540 902 αὐτῷ
1577 821 1890 886 κίνδυνος”
1861 848 1958 883 ενι·

360 904 631 967 ἑσσωθεὶς
675 906 780 980 μὲν
832 901 1294 982 προσαπολλύεις
1345 906 1540 963 πᾶσαν
1586 902 1692 979 τὴν
1759 902 1960 983 αρχήν·

359 989 509 1065 δῆλα
530 990 643 1073 γοὶρ
680 989 807 1065 δη”
776 1015 861 1052 οτι
899 994 1153 1055 νικῶντες
1178 991 1564 1072 Μασσαγέται
1590 988 1655 1050 ού
1685 1016 1752 1050 το
1778 990 1964 1051 ὀπίσω

360 1077 658 1154 φεύξονται
687 1078 819 1138 ἀλλ’
847 1079 932 1139 ἐπ’
960 1076 1137 1158 α’ρχας
1174 1104 1276 1143 τας
1315 1077 1425 1142 σοὶς
1464 1081 1659 1137 ἐλῶσι·
1699 1080 1862 1138 νικῶν
1902 1078 1964 1139 δὲ

360 1164 427 1225 οὗ
465 1165 621 1246 νικᾷς
660 1170 951 1236 τοσοῦτον,
994 1165 1138 1227 ὅσον
1181 1170 1230 1226 εἰ
1272 1165 1475 1243 διαβὰς
1516 1170 1573 1229 ἐς
1611 1165 1717 1241 τὴν
1748 1166 1965 1226 ἐκείνων

359 1272 525 1307 νικων
548 1247 991 1328 Μασσαγέτας
963 1272 1121 1308 εποιο
1149 1246 1446 1329 φεύγουσι·
1481 1251 1650 1308 τοῦτο
1676 1245 1790 1328 γὰρ
1815 1245 1961 1307 α’,ντι-

363 1332 576 1410 θήσω’
550 1336 748 1415 εκείνῳ,
777 1334 865 1396 ὅτι
888 1334 1122 1411 νικήσας
1145 1335 1276 1398 τούς
1296 1333 1682 1412 ἀντιουμένους
1715 1338 1848 1414 ἐλᾷς
1875 1333 1966 1395 ἶθῦ

360 1425 464 1496 τῆς
486 1420 665 1502 α’ρχῆς
694 1427 795 1499 τῆς
818 1422 1111 1502 Τομύριος·
1151 1422 1321 1531 χωρίς
1357 1448 1422 1483 τε
1455 1425 1555 1484 τοῦ
1584 1422 1962 1503 ἀπηγημένου,

363 1510 605 1590 αἰσχρὰν
637 1511 741 1571 καὶ·
772 1511 872 1572 οὐκ
910 1510 1226 1590 ανασχετόν
1252 1510 1444 1589 Κῦρόν
1485 1536 1556 1593 γε
1594 1537 1695 1572 τον
1723 1508 1964 1587 Καμβύ-

362 1623 475 1659 σεω
500 1599 719 1681 γυναικὶ
752 1598 1037 1669 εἴξανταε
1004 1603 1375 1679 υποχωρῆσαι
1397 1602 1502 1674 τῆς
1523 1598 1720 1678 χώρης.
1765 1601 1864 1659 νῦν
1890 1623 1966 1659 ων

359 1712 460 1764 μοι
500 1687 691 1759 δοκέει,
735 1686 1057 1764 διαβάντας
1076 1685 1439 1765 προελθεῖν“’
1407 1712 1547 1747 οσον
1573 1685 1642 1746 ἂν
1668 1686 1864 1747 ἐκείνοι
1887 1684 1964 1746 δι-

362 1775 566 1851 εξίωσι,
595 1776 843 1837 ἐνθεῦτεν
867 1774 928 1834 δὲ
951 1774 1085 1835 τάδε
1115 1778 1404 1839 ποιεῦντας
1420 1774 1726 1853 πειρᾶσθαι
1750 1775 1966 1835 ἐκείνων

362 1863 771 1946 περιγενέσθαι·
814 1862 889 1926 ὥς
911 1861 1023 1945 γὰρ
1051 1862 1160 1944 ἐγώ
1189 1862 1556 1941 πυνθάνομαι,
1582 1863 1968 1944 Μασσαγέται

365 1952 477 2011 εἶσὶ
503 1950 729 2033 οἷγαθῶν
760 1976 822 2012 τε
853 1955 1152 2030 Περσικῶν
1189 1948 1409 2029 ἄπειροι
1442 1950 1538 2009 καὶ
1570 1954 1756 2011 καλῶν
1795 1949 1968 2030 μεγά-

364 2042 479 2099 λων
503 2037 758 2102 ἀπαθέες·
782 2038 1037 2099 τούτοισι
1062 2037 1138 2099 ὧν
1159 2042 1315 2100 τοῖσι
1339 2036 1589 2115 ἀνδράσι,
1610 2040 1723 2097 τῶν
1746 2035 1966 2114 προβά-

364 2151 473 2185 των
491 2122 759 2201 αἷφειδέως
776 2126 971 2187 πολλὰ
995 2125 1419 2205 κατακόψαντας
1444 2126 1538 2187 καὶ
1563 2123 1964 2195 σκευάσαντας,

364 2215 655 2291 προθεῖναι
678 2218 737 2274 ἐν
760 2218 838 2293 τῷ
863 2214 1222 2295 στρατοπέδῳ
1248 2218 1326 2294 τῷ
1349 2212 1598 2293 ἡμετέρῳ
1617 2213 1798 2273 δαῖτα·
1826 2212 1968 2292 πρός

366 2300 443 2373 δὲ,
487 2302 580 2361 καὶ
606 2305 882 2381 κρητῆρας
922 2301 1191 2380 ἀφειδέως
1232 2301 1384 2363 οἴνου
1417 2299 1660 2379 ἀκρήτου
1689 2301 1784 2361 καὶ
1807 2302 1968 2362 σιτία

367 2394 623 2451 παντοῖα·
662 2390 1010 2466 ποιήσαντας
1041 2390 1103 2451 δὲ
1140 2392 1334 2463 ταῦτα,
1366 2387 1841 2467 ύπολειπομένους
1864 2394 1966 2467 τῆς

365 2481 637 2556 στρατιῆς
665 2477 732 2539 τὰ
759 2476 1154 2556 φλαυρότατον
1185 2478 1316 2542 τοὺς
1341 2477 1574 2542 λοιποῦς
1598 2476 1752 2543 αὖτις
1777 2478 1966 2548 ἐξανα-

364 2566 592 2645 χωρέειν
628 2566 721 2627 ἐπὶ
758 2564 860 2627 τᾶν
901 2564 1176 2644 ποταμόν·
1215 2564 1287 2642 ἣν
1329 2564 1442 2648 γὰρ
1476 2564 1586 2648 ἐγώ
1624 2564 1848 2648 γνώμης
1883 2565 1966 2643 μή

367 2652 609 2731 οἶμᾶρτω,
654 2657 823 2715 κεῖνοι
850 2653 1092 2731 ἰδόμενοι
1117 2651 1307 2734 οἷγαθοὶ
1329 2652 1527 2713 πολλὰ
1564 2653 1871 2733 τρέψονταί
1904 2678 1967 2713 τε

364 2741 509 2819 πρὸς
533 2740 690 2813 αὔτα,
728 2741 821 2801 καὶ
860 2740 997 2819 ημῖν
1034 2740 1103 2802 τό
1148 2741 1396 2801 ἐνθεῦτεν
1426 2742 1680 2802 λείπεται
1711 2738 1969 2811 ἀπόδεξις

368 2830 540 2911 ἔργων
564 2828 870 2934 μεγάλωνρ

448 2914 672 2987 Γνῶμαι
708 2911 813 2988 μὲν
838 2906 1001 2970 αὗται
1026 2909 1398 2972 συνέστασαν.
1472 2913 1659 2986 Κῦρος
1699 2908 1760 2969 δὲ
1797 2934 1924 2987 μετ·
1943 2910 2063 2971 208

368 2997 446 3061 εὶς
470 3023 573 3074 την
597 3023 873 3075 προτερην
904 2995 1130 3079 γνώμην
1161 2996 1265 3073 τήν
1293 2996 1548 3074 Κροίσου
1589 2997 1649 3056 δὲ
1689 2994 1969 3071 ἑλόμενος,

364 3085 706 3168 προηγόρευε
726 3084 937 3163 Τομύρι
962 3085 1370 3165 ἐξαναχωρέειν,
1401 3083 1472 3148 ώς
1498 3082 1669 3143 αὐτοῦ
1696 3082 1972 3158 διαβησο-

363 3176 538 3251 μένου
565 3173 649 3234 ἐπ’
676 3174 899 3249 ἐκείνην.
982 3172 1021 3249 ἤ
1052 3175 1158 3251 μὲν
1189 3172 1258 3247 δη
1289 3169 1643 3250 ἐξαναχώρεε,
1682 3167 1829 3228 κατοὶ
1867 3168 1969 3227 15⁷1·-

364 3264 567 3346 έσχετο
586 3266 798 3345 πρῶτα·
821 3265 1010 3341 Κυρος
1029 3261 1089 3321 δὲ
1104 3262 1409 3340 Κροῖσον’
1381 3283 1437 3321 ες
1454 3255 1555 3319 τοὶς
1573 3258 1762 3334 χεῖρας
1780 3254 1966 3322 ἐσθεὶς
