2267 3517
336 145 431 193 208
933 146 1304 195 ἮΡοΔοΤοτ
1805 143 1937 209 [111.

338 221 430 280 καὶ
483 219 573 280 διὰ
615 224 792 282 ταῦτα
831 221 1207 301 ταριχεύουσι,
1265 222 1355 282 ἴνα
1400 223 1481 299 μὴ
1535 224 1781 297 κείμενος
1827 222 1939 283 &vra

339 306 542 367 εύλέων
583 309 939 386 καταβρωθῇ.
1023 307 1166 368 οὕτω
1221 309 1289 384 δή
1332 309 1671 392 οὐδετέροισι
1724 309 1941 387 νομιζό-

335 421 477 472 μενα
526 394 846 455 ἐνετέλλετο
886 395 1096 456 ποιέειν
1136 395 1169 456 ὅ
1210 397 1554 473 Καμβύσης.
1638 396 1711 460 ὥς
1747 392 1941 474 μέντοι

337 482 634 563 Αἰγύπτιοι
673 482 926 563 λέγουσι,
957 481 1057 542 σύκ
1088 482 1339 560 Ἀμασις
1371 482 1442 559 ἦν
1480 483 1514 543 ό
1547 487 1725 544 ταῦτα
1747 484 1942 544 παθῶν

337 568 493 629 ἀλλὰ
534 569 713 634 ἄλλος
763 575 874 630 τῶν
918 595 1002 634 τις
1037 570 1370 652 Αἰγυπτίων,
1416 571 1558 649 ἔχων
1601 570 1708 646 τὴν
1762 570 1937 647 αὐτὴν

337 656 561 733 ἡλικίην
611 656 844 733 Ἀμάσι·
927 655 970 737 ᾧ
1010 657 1407 734 λυμαινόμενοι
1456 656 1680 735 Πέρσαι
1720 658 1941 718 ἐδόκεον

329 743 583 822 Ἀμασιν
609 746 998 820 λυμαίνεσθαι·
1029 746 1267 826 λέγουσι
1292 744 1420 825 γὰρ,
1444 743 1515 807 ὦς
1540 744 1852 823 πυθόμενος
1878 750 1941 806 ἐκ

338 833 608 909 μαντηΐου
643 831 676 891 ό
702 830 953 909 Ἀμασις
986 832 1058 893 ταῖ
1092 833 1221 909 περὶ
1258 831 1457 892 ἑωυτόν
1489 833 1699 909 μέλλοι
1729 831 1941 894 ἀποθα-

339 920 506 981 νόντα
541 921 814 1001 γίνεσθαι,
843 919 983 979 οὕτω
1019 918 1087 995 δὴ
1113 918 1410 995 ἀκεόμενος
1447 919 1520 979 τοὶ
1546 919 1938 997 ἐπιφερόμενα,

337 1007 438 1069 τᾶν
473 1010 578 1084 μὲν
623 1006 916 1084 ἄνθρωπον
958 1011 1160 1090 τοῦτον
1197 1007 1296 1066 τόν
1339 1007 1766 1089 μαστιγωθέντα
1804 1007 1939 1068 αἶπο-

341 1094 582 1158 θανόντα
627 1096 801 1173 ἔθαψε
855 1096 946 1154 ἐπὶ
984 1098 1120 1174 τῇσι
1162 1093 1367 1172 θύρῃσι
1407 1093 1561 1158 ἐντὸς
1596 1098 1699 1171 τῆς
1738 1099 1940 1154 ἑωυτοῦ

341 1182 528 1260 θήκης,
572 1183 772 1243 ἐωυτόν
805 1183 865 1242 δὲ
898 1183 1211 1243 ἐνετείλατο
1241 1186 1319 1261 τῷ
1350 1182 1507 1241 παιδὶ
1546 1186 1606 1241 ἐν
1642 1183 1803 1262 μυχῷ
1838 1187 1940 1259 τῆς
1965 1185 1977 1196 ’

339 1271 512 1346 θήκης
571 1269 643 1334 ὥς
699 1268 956 1346 μάλιστα
1013 1271 1207 1330 θεῖναι.
1291 1272 1349 1328 αἱ
1405 1269 1509 1345 μέν
1568 1295 1664 1330 νυν
1720 1275 1783 1329 ἐκ
1838 1275 1939 1330 τοῦ

337 1357 613 1434 Ἀμάσιος
640 1356 864 1416 ἐντολαὶ
905 1355 1084 1426 αὗται,
1112 1360 1172 1415 αἱ
1208 1361 1263 1420 ἐς
1292 1382 1397 1431 την
1419 1356 1611 1432 ταφήν
1632 1381 1695 1417 τε
1721 1358 1814 1416 καὶ
1837 1383 1939 1417 τον

339 1443 689 1521 ανθρωντυν*ν
661 1468 908 1522 εχουσαι,
938 1443 1002 1502 οὗ
1034 1469 1134 1520 μοι
1167 1442 1486 1503 δοκέουσι’
1450 1444 1633 1523 αρχήν
1654 1444 1935 1525 γενέσθαι,

339 1531 528 1594 ἄλλως
553 1530 600 1590 δ
627 1530 767 1590 αὕτα
794 1531 1090 1612 Αἰγύπτιοι
1117 1535 1381 1606 σεμνοῦν.

246 1624 318 1682 17
418 1618 585 1679 Μετα
610 1618 671 1677 δὲ
694 1622 873 1678 ταῦτα
898 1619 930 1677 ό
967 1616 1293 1694 Καμβύσης
1328 1617 1714 1696 ἐβουλεύσατο
1738 1626 1941 1697 τριφα-

341 1707 472 1770 σίας
510 1705 828 1784 στρατηΐας,
862 1700 958 1765 ἐπί
992 1731 1056 1765 τε
1096 1706 1514 1784 Καρχηδονίους
1554 1708 1645 1766 καὶ
1687 1708 1779 1766 ἐπὶ
1801 1706 1937 1784 Ἀμ-

337 1795 571 1872 μωνίους
605 1794 698 1852 καὶ
730 1793 822 1871 ἐπὶ
851 1793 983 1857 τούς
1009 1795 1377 1870 Μακροβίους
1403 1794 1691 1864 Αἰθίοπας,
1719 1797 1935 1872 οἰκημέ-

338 1909 464 1946 νους
484 1882 543 1941 δὲ
561 1880 784 1958 Λιβύης
811 1881 902 1940 ἐπὶ
926 1885 998 1960 τῇ
1017 1881 1172 1960 νοτίῃ
1201 1881 1490 1962 θαλάσσῃ.
1543 1883 1937 1962 βουλευομένῳ

338 1970 402 2031 δέ
445 1973 499 2030 οἱ
553 1970 703 2039 ἔδοξε
758 1969 851 2028 ἐπὶ
900 1971 1006 2047 μὲν
1058 1969 1477 2048 Καρχηδονίους
1527 1968 1627 2030 τόν
1680 1970 1936 2030 ναυτικόν

338 2057 582 2136 στρατόν
616 2056 1012 2118 ἀποστέλλειν·
1055 2058 1147 2116 ἐπὶ
1178 2057 1239 2116 δὲ
1262 2056 1606 2134 Ἀμμωνίους
1634 2060 1736 2116 τοῦ
1766 2058 1935 2128 πεζοῦ

337 2145 730 2224 ἀποκρίναντα·
784 2145 877 2205 ἐπὶ
907 2145 967 2204 δὲ
1001 2143 1131 2207 τούς
1168 2143 1442 2208 Αἰθίοπας
1479 2141 1757 2206 κατόπτας
1791 2147 1936 2223 πρῶ-

338 2260 452 2303 τον,
495 2233 805 2311 ὀψομένους
852 2257 915 2292 τε
966 2231 1070 2308 τήν
1109 2237 1170 2290 ἐν
1208 2231 1462 2291 τούτοισι
1513 2233 1667 2290 τοῖσι
1705 2232 1935 2310 Αἰθίοψι

340 2322 650 2401 λεγομένην
671 2319 808 2379 εἶναι
832 2317 999 2394 ἡλίου
1023 2317 1302 2394 τράπεζαν
1329 2323 1377 2377 εἰ
1404 2319 1525 2378 ἔστι
1552 2316 1816 2394 ἀληθέως,
1844 2319 1935 2379 καὶ

338 2408 478 2484 πρός
527 2405 702 2484 ταύτῃ
753 2405 827 2466 ra*
880 2403 1036 2465 ἄλλα
1087 2406 1515 2483 κατοψομένους,
1564 2405 1711 2482 δῶρα
1757 2407 1818 2466 δὲ
1856 2409 1935 2487 τῷ

246 2497 320 2555 18
337 2493 490 2574 λόγῳ
523 2493 796 2569 φέροντας
828 2495 906 2571 τῷ
943 2493 1187 2568 βασιλέϊ
1221 2491 1418 2552 αὐτῶν.
1497 2491 1573 2551 Ἡ
1605 2494 1665 2553 δὲ
1688 2493 1935 2571 τράπεζα

337 2585 438 2642 τοῦ
467 2579 632 2657 ἡλίου
664 2580 852 2657 τοιήδε
889 2606 974 2644 τις
1013 2579 1239 2659 λέγεται
1277 2577 1433 2639 εἶναι·
1472 2581 1681 2659 λειμών
1721 2587 1845 2642 ἐστι
1877 2586 1936 2642 ἐν

336 2672 413 2747 τῷ
456 2668 772 2746 προαστείῳ
827 2669 1090 2730 ἐπίπλεος
1129 2670 1301 2743 κρεῶν
1342 2668 1528 2743 ἑφθῶν
1568 2665 1789 2729 πάντων
1824 2673 1935 2729 τῶν

335 2755 701 2833 τετραπόδων,
744 2760 799 2819 ἐς
835 2753 938 2815 τᾶν
974 2753 1076 2819 τὰς
1125 2755 1232 2831 μὲν
1269 2752 1465 2819 νύκτας
1519 2754 1935 2831 ἐπιτηδεύοντας

335 2844 543 2904 τιθέναι
577 2842 649 2902 τοὶ
690 2843 824 2920 κρέα
856 2841 986 2906 τοῦς
1025 2845 1086 2902 ἐν
1113 2842 1268 2901 τέλεῖ
1298 2841 1567 2906 ἑκάστους
1600 2841 1791 2907 ἐόντας
1823 2847 1935 2905 τῶν

337 2931 540 3002 ἀστῶν,
602 2929 702 2994 τοὶς
755 2930 815 2989 δὲ
865 2929 1076 3007 ἡμέρας
1128 2929 1423 2989 δαίνυσθαι
1474 2929 1785 3007 προσιόντα
1832 2929 1935 2992 τᾶν

336 3019 706 3096 βουλόμενον·
791 3017 964 3094 φάναι
1002 3017 1060 3076 δὲ
1089 3015 1222 3080 τούς
1256 3017 1583 3096 ἐπιχωρίους
1619 3021 1797 3092 ταῦτα
1828 3017 1934 3095 τήν

335 3109 445 3186 γῆν
470 3107 642 3182 αὐτὴν
679 3103 991 3166 ἀναδιδόναι
1031 3103 1319 3165 ἑκάστοτε.
1398 3103 1438 3180 ἦ
1463 3106 1567 3183 μὲν
1591 3103 1660 3180 δή
1685 3104 1933 3182 τράπεζα

245 3193 317 3254 19
335 3199 435 3254 τοῦ
486 3195 652 3271 ἡλίου
692 3192 1000 3268 καλεομένη
1039 3191 1268 3272 λέγεται
1308 3191 1447 3252 εἶναι
1482 3190 1685 3268 τοιήδε.
1771 3199 1932 3269 Καμ-

339 3280 495 3354 βύση
521 3283 582 3342 δὲ
607 3280 679 3344 ὥς
707 3275 856 3352 ἔδοξε
879 3279 1119 3344 πέμπειν
1142 3278 1274 3345 τοῦς
1299 3277 1708 3350 κατασκόπους.
1734 3277 1935 3342 αὐτίκα
