2267 3517
362 136 466 189 260
979 139 1347 190 ἭΡοΔοωοτ
1822 138 1958 205 [111.

361 221 668 280 Κνωσσίου
693 221 785 280 καὶ
812 223 860 280 εἰ
885 219 956 296 δή
976 244 1063 284 τις
1083 219 1266 296 ἄλλος
1289 217 1559 298 πρότερος
1588 217 1791 282 τούτου
1826 219 1965 298 ἦρξε

359 310 462 382 τῆς
487 307 809 384 θαλάσσης·
845 310 950 383 τῆς
975 307 1036 366 δὲ
1061 306 1413 386 ἀνθρωπηίης
1436 308 1745 388 λεγομένης
1768 313 1961 389 γενεῆς

361 394 733 472 Πολυκράτης
766 395 893 456 ἐστὶ
915 399 1151 472 πρῶτος,
1178 395 1408 459 ἐλπίδας
1432 395 1657 460 πολλοῖς
1683 397 1823 474 ἔχων
1844 395 1957 456 Ἰω-

358 482 477 559 νίης
509 507 573 544 τε
609 484 702 542 καὶ
741 482 928 558 νήσων
952 481 1157 559 ἄρξειν·
1196 483 1392 560 μαθὼν
1418 481 1493 543 ὧν
1517 483 1696 543 ταῦτά
1718 509 1817 561 μιν
1842 485 1955 544 δια-

354 571 648 648 νοεύμενον
677 571 710 632 ὁ
738 571 1015 649 Ὀροίτης,
1041 572 1271 650 πέμψας
1301 571 1573 653 ἀγγελίην
1612 573 1771 653 ἔλεγε
1802 572 1945 634 τάδε.
1982 569 1992 582 ’

353 667 389 696 “
405 657 665 737 Ὀροίτης
699 659 1058 736 Πολυκράτει
1093 657 1197 718 ὦδε
1232 660 1407 739 λέγει·
1448 657 1799 735 πυνθάνομαι
1838 664 1952 720 ἐπι-

354 747 652 822 βουλεύειν
681 773 754 807 σε
781 747 1087 856 πρήγμασι
1110 746 1432 829 μεγάλοισι,
1461 748 1554 806 καὶ
1576 746 1842 825 χρήματά
1862 773 1954 808 τοι

351 833 454 894 οῦκ
494 835 634 896 εἶναι
659 861 801 896 κατα
825 834 899 895 τοὶ
925 833 1280 912 φρονήματα.
1348 859 1425 894 συ
1453 838 1551 895 νῦν
1578 832 1683 894 ὦδε
1708 834 1953 912 ποιήσας

353 921 624 1000 ὀρθώσεις
647 927 752 1001 μὲν
778 923 1039 992 σεωυτόν,
1067 921 1274 986 σώσεις
1300 923 1360 982 δὲ
1386 923 1479 982 καὶ
1506 923 1623 1000 ἐμέ·
1665 922 1814 1003 (ἐμοὶ
1837 923 1950 1004 γοῖρ

345 1011 626 1087 βασιλεύς
665 1011 994 1089 Καμβύσης
1031 1010 1387 1086 ἐπιβουλεύει
1420 1010 1679 1081 θάνατον,
1720 1012 1818 1071 καί
1848 1037 1949 1089 μοι

345 1104 516 1160 τοῦτο
555 1100 956 1182 ἐξαγγέλλεται
996 1098 1337 1179 σαφηνέως·)
1384 1098 1461 1158 σύ
1505 1101 1604 1159 νῦν
1650 1101 1747 1176 ἐμὲ
1795 1104 1947 1160 ἐκκο·

344 1188 520 1264 μίσας
551 1187 719 1249 αὐτὸν
755 1188 849 1247 καὶ
881 1185 1163 1266 χρήματα,
1188 1186 1261 1246 τοὶ
1291 1189 1396 1263 μὲν
1422 1183 1604 1246 αύτῶν
1630 1186 1795 1250 αὗτὸς
1835 1189 1945 1267 ἔχε,

345 1300 419 1336 τα
443 1275 556 1334 δε’
528 1280 628 1352 εμὲ
655 1277 718 1334 ἔα
744 1276 908 1354 ἔχειν·
951 1274 1153 1334 εἵνεκέν
1171 1299 1234 1334 τε
1258 1273 1575 1384 χρημάτων,
1598 1272 1839 1383 ἄρξεις
1804 1275 1943 1334 απά-

351 1362 460 1438 σης
491 1367 595 1438 τῆς
630 1362 928 1426 Ελλάδος·
971 1365 1020 1421 εἰ
1051 1361 1114 1422 δέ
1142 1387 1242 1438 μοι
1276 1359 1561 1425 ἀπιστέεις
1584 1360 1657 1421 τοὶ
1682 1363 1811 1440 περὶ
1834 1366 1945 1424 τῶν

341 1448 659 1527 χρημάτων,
699 1450 928 1527 πέμψον
965 1449 1124 1512 ὅστις
1162 1474 1253 1508 τοι
1298 1449 1638 1513 πιστότατος
1681 1450 1945 1530 τυγχάνει

253 1536 368 1595 123
385 1536 504 1605 ἐῶν,
543 1541 622 1614 τῷ
661 1535 770 1617 ἐγῶ
809 1535 1112 1606 οἷποδέξω.”
1178 1541 1369 1596 Ταῦτα
1408 1535 1656 1600 οἰκούσας
1686 1536 1731 1596 ὅ
1753 1533 1943 1598 Πολυ-

343 1622 563 1701 κράτης,
589 1623 744 1700 ἥσθη
769 1648 832 1684 τε
857 1624 952 1683 καὶ
977 1623 1271 1701 ἐβούλετο·
1312 1626 1410 1685 καί
1430 1651 1551 1696 κως,
1573 1625 1813 1703 ἱμείρετο
1830 1627 1941 1706 γοὶρ

341 1711 642 1790 χρημάτων
670 1711 947 1792 μεγάλως,
973 1711 1299 1788 οἷποπέμπει
1328 1739 1524 1790 πρωτα
1560 1713 1943 1800 κατοψόμενον

341 1798 688 1877 Μαιάνδριον
722 1799 1088 1879 Μαιανδρίου,
1115 1799 1289 1878 ανδρα
1322 1805 1433 1861 τῶν
1471 1799 1677 1872 άστῶν,
1704 1801 1765 1864 ὅς
1791 1804 1845 1861 οἳ
1870 1801 1941 1877 ἦν

339 1888 791 1969 γραμματιστής·
833 1915 896 1953 ος
917 1887 1103 1968 χρόνῳ
1129 1887 1195 1949 οὗ
1220 1887 1481 1967 πολλῷ”
1446 1915 1686 1966 υστερον
1708 1889 1937 1962 τούτων,

337 2001 438 2040 τον
467 1976 686 2056 κόσμον
717 2003 818 2039 τον
845 1982 906 2038 ἐκ
937 1981 1039 2038 τοῦ
1071 1977 1373 2055 ἀνδρεῶνος
1396 1980 1499 2036 τοῦ
1525 1977 1935 2054 Πολυκράτεος,

339 2064 502 2127 ἐόντα
539 2065 879 2142 ἀξιοθέητον,
907 2065 1140 2142 ἀνέθηκε
1174 2064 1357 2125 πάντα
1390 2069 1445 2128 ἐς
1479 2064 1547 2124 τὰ
1581 2063 1835 2142 Ἡραῖον.
1902 2064 1936 2126 ὁ

337 2152 400 2213 δὲ
435 2153 696 2232 Ὀροίτης
731 2154 925 2231 μαθων
961 2152 1064 2214 τόν
1103 2152 1462 2214 κατάσκοπον
1494 2150 1656 2214 ἐόντα
1693 2153 1935 2231 προσδό-
1966 2175 1971 2179 ·

337 2267 517 2318 κιμον,
551 2242 732 2309 ἐποίεε
770 2241 976 2301 τοιάδε·
1017 2239 1299 2320 λάρνακας
1338 2239 1481 2301 duma
1516 2239 1824 2318 πληρώσας
1848 2243 1934 2300 λί-

343 2329 470 2398 θων,
496 2329 650 2405 πλὴν
686 2328 862 2407 κάρτα
891 2329 1141 2407 βραχέος
1170 2331 1272 2387 τοῦ
1302 2328 1431 2406 περὶ
1456 2325 1599 2387 αὐτὰ
1622 2327 1694 2388 ταῖ
1719 2334 1931 2408 χείλεα,

337 2419 613 2491 ἐπιπολῆς
642 2418 752 2476 τῶν
777 2416 952 2475 λίθων
973 2413 1192 2493 χρυσόν
1216 2416 1485 2491 ἐπέβαλε·
1527 2415 1847 2491 καταδήσας
1872 2417 1932 2477 δὲ

336 2501 438 2567 τὰς
476 2502 757 2579 λάρνακας
797 2502 914 2582 εἶχε
956 2503 1196 2580 ἑτοίμας·
1238 2501 1418 2563 ἐλθῶν
1442 2503 1502 2562 δὲ
1528 2503 1561 2562 ὅ
1588 2503 1932 2581 Μαιάνδριος

242 2592 358 2654 124
375 2589 469 2650 καὶ
495 2588 854 2667 θεησάμενος,
876 2588 1188 2671 ἀπήγγειλε
1210 2593 1289 2670 τῷ
1314 2590 1687 2668 Πολυκράτεϊ.
1755 2591 1824 2651 ‘O
1852 2593 1929 2664 δὲ,

331 2677 528 2738 πολλὰ
567 2679 671 2753 μὲν
702 2681 814 2738 τῶν
851 2678 1094 2755 μαντίων
1133 2677 1594 2760 ἀπαγορευόντων
1632 2679 1831 2740 πολλὰ
1870 2680 1932 2739 δὲ

329 2770 440 2828 τῶν
480 2766 681 2843 φίλων,
714 2767 1018 2827 ἐστέλλετο
1057 2764 1225 2830 αύτός
1263 2764 1501 2826 ἀπιέναι·
1542 2766 1685 2845 πρὸς
1720 2767 1796 2837 δὲ,
1836 2769 1927 2828 καὶ

337 2852 563 2930 ἰδούσης
591 2857 694 2930 τῆς
727 2853 1000 2936 θυγατρός
1025 2853 1157 2933 ὄψιν
1183 2855 1436 2915 ἐνυπνίου
1460 2854 1698 2930 τοιήνδε·
1742 2854 1932 2916 ἐδόκεέ

331 2945 388 3002 οὶ
419 2940 522 3002 τᾶν
559 2942 774 3018 πατέρα
811 2947 868 3002 ἐν
896 2945 976 3020 τῷ
1002 2940 1126 3018 ἠέρι
1158 2942 1436 3018 μετέωρον
1466 2942 1644 3012 ἐόντα,
1681 2944 1929 3004 λοῦσθαι

328 3032 434 3106 μὲν
464 3029 575 3090 fir&
605 3033 710 3090 τοῦ
743 3027 894 3099 Διὸς,
920 3029 1184 3106 χρίεσθαι
1210 3028 1269 3087 δὲ
1294 3028 1406 3088 ύπό
1439 3031 1541 3088 τοῦ
1570 3029 1757 3103 ἦλίου·
1796 3030 1927 3091 ταύ-

328 3139 434 3192 την
463 3117 660 3176 ἰδοῦσα
689 3113 795 3190 τήν
820 3113 968 3191 ὄψιν,
995 3116 1233 3190 παντοίη
1274 3115 1484 3195 ἐγίνετο
1519 3114 1601 3191 μή
1636 3114 1926 3192 οἷποδημῆ-

329 3227 433 3261 σαι
459 3203 560 3264 τόν
590 3202 962 3278 Πολυκράτεα
992 3201 1148 3278 παρὰ
1170 3201 1269 3262 τόν
1294 3200 1572 3277 Ὀροίτεα·
1615 3203 1709 3260 καὶ
1735 3203 1804 3277 δὴ
1833 3204 1926 3262 καὶ

335 3289 512 3352 ἰόντος
547 3288 716 3348 αὐτοῦ
749 3289 840 3348 ἐπὶ
870 3287 972 3364 τὴν
998 3286 1428 3363 πεντηκόντερον
1455 3288 1847 3364 ἐπεφημίζετο·
1888 3289 1924 3349 ὅ
