2267 3517
286 94 356 141 26
905 96 1271 147 ἨΡΟΔΟΤΟΤ
1826 96 1895 161 [Ῑ.

289 172 456 253 μέγα·
497 171 773 237 θύσαντος
803 172 917 255 γὰρ
953 174 1122 236 αὐτοῦ
1161 175 1235 237 τὰ
1278 174 1387 254 ἱροὶ,
1414 178 1470 236 οἶ
1502 176 1744 253 λέβητες
1778 182 1899 237 ἐπε-

291 262 543 329 masne,
563 260 656 319 καὶ
682 265 853 338 κρεῶν
869 287 934 322 τε
958 261 1140 328 ἐόντες
1165 264 1399 341 ἔμπλεοι
1418 263 1511 323 καὶ
1532 261 1748 333 ὕδατος,
1770 262 1901 325 ἄνευ

290 345 464 423 πυρὸς
503 348 715 419 ἔζεσαν,
744 349 836 408 καὶ
869 348 1243 428 ὖπερέβαλον.
1324 351 1517 411 Χίλων
1555 350 1616 409 δὲ
1652 350 1687 410 ὅ
1722 356 1900 412 Λακε-

291 432 572 511 δαιμόνιος
600 436 936 515 παρατυχών
967 438 1061 497 καὶ
1087 436 1431 516 θεησάμενος
1455 436 1523 498 τό
1546 437 1710 515 τέρας
1742 464 1901 500 συνε-

210 584 217 591 ,
290 522 535 600 βούλευε
567 521 926 601 Ἱπποκράτεϊ
955 550 1149 603 πρωτα
1182 528 1286 603 μὲν
1318 528 1553 607 γυναῖκα
1577 525 1901 587 τεκνοποιόν

289 608 372 687 -μή
399 608 691 691 ἄγεσθαι·
665 636 720 674 ες
743 611 817 671 τοὶ
842 612 1003 683 οἰκία,
1031 616 1080 673 εἰ
1112 612 1175 687 δὲ
1197 612 1459 695 τυγχάνει
1492 614 1647 693 ἔχων,
1676 612 1901 691 δεύτερα

290 696 396 774 τὴν
431 702 668 779 γυναῖκα
706 699 1021 777 ἐκπέμπειν·
1063 700 1157 761 καὶ
1197 701 1249 760 εἶ
1283 725 1367 763 τις
1405 703 1461 760 οἱ
1496 698 1757 781 τυγχάνει
1796 700 1901 761 ἐων

293 788 442 855 παῖς,
476 790 677 847 τοῦτον
711 786 1080 849 ἀπείπασθαι·
1123 787 1299 848 οὔκων
1329 792 1507 847 ταῦτα
1530 788 1901 865 παραινέσαν-

291 898 390 937 τος
446 875 702 938 Χίλωνος
758 875 1054 936 πείθεσθαι
1083 922 1088 925 -
1113 876 1303 936 θέλειν
1359 875 1463 935 τόν
1509 874 1897 953 Ἱπποκράτεα,

289 958 556 1041 γενέσθαι
597 964 651 1021 οἶ
687 961 832 1039 μετὰ
869 966 1047 1024 ταῦτα
1085 962 1185 1023 τὰν
1226 964 1645 1041 Πεισίστρατον
1681 966 1899 1023 τοῦτον·

293 1047 370 1118 ὃς,
388 1047 804 1121 στασιαζόντων
826 1054 938 1112 τῶν
962 1051 1232 1129 παράλων
1252 1052 1345 1111 καὶ
1368 1055 1478 1112 τῶν
1498 1056 1559 1111 ἐκ
1583 1054 1684 1110 τοῦ
1706 1050 1900 1111 πεδίου

291 1135 615 1213 Ἀθηναίων,
643 1138 736 1197 καὶ
766 1142 878 1199 τῶν
899 1140 1004 1215 μὲν
1032 1144 1415 1217 προεστεῶτος
1440 1138 1773 1220 Μεγακλέος
1795 1142 1899 1199 τοῦ

290 1222 686 1301 Ἀλκμαίωνος,
713 1229 824 1286 τῶν
863 1226 924 1286 δὲ
957 1232 1019 1287 ἐκ
1045 1230 1153 1287 -τοῦ
1183 1227 1376 1287 πεδίου
1400 1224 1726 1308 Λυκούργου
1748 1224 1899 1303 Ἀρι-

296 1311 620 1381 στολαΐδεω,
647 1312 1083 1389 καταφρονήσας
1107 1312 1213 1390 τήν
1235 1313 1545 1392 τυραννίδα,
1571 1312 1761 1394 ἤγειρε
1784 1314 1899 1391 τρί-

292 1423 397 1474 την
429 1396 656 1459 στάσιν.
737 1399 1020 1471 συλλέξας
1056 1400 1116 1461 δὲ
1153 1400 1487 1472 στασιώτας,
1516 1401 1609 1461 καὶ
1643 1405 1722 1480 τῷ
1745 1400 1899 1483 λόγῳ

293 1489 406 1547 τῶν
429 1485 773 1565 ὖπερακρίων
796 1487 1065 1565 προσ-τοὶς,
1090 1493 1411 1569 μηχανᾶται
1440 1487 1643 1548 τοιάδε·
1682 1514 1905 1566 τρωμα-’

290 1578 456 1641 τίσας
491 1574 692 1638 ἑωυτόν
724 1603 789 1639 τε
823 1578 916 1639 καὶ
950 1576 1229 1653 ἡμιόνους,
1255 1575 1443 1653 ἤλασε
1474 1580 1530 1639 ἐς
1557 1574 1664 1651 τήν
1686 1574 1900 1656 ἀγορὴν

293 1664 361 1725 τό
393 1666 586 1747 ζεῦγος
617 1663 690 1729 ὥς
725 1665 1078 1747 ἐκπεφευγὼς
1106 1664 1237 1728 τούς
1263 1663 1509 1746 ἐχθροῦς,
1540 1664 1599 1723 οἵ
1616 1688 1715 1739 μιν
1740 1663 1899 1723 ἐλαύ-

293 1778 459 1814 νοντα
487 1758 541 1815 ἐς
575 1751 750 1835 άγρόν
773 1752 1066 1829 ἠθέλησαν
1097 1752 1381 1813 ἀπολέσαι
1406 1751 1592 1828 δῆθεν·
1635 1749 1814 1811 ἐδέετό
1836 1776 1901 1811 τε

291 1844 394 1900 τοῦ
427 1839 604 1917 δήμου
645 1844 905 1918 φυλακῆς
935 1864 1099 1904 τινος
1109 1839 1254 1919 προς
1280 1866 1449 1900 αυτου
1478 1842 1736 1931 κυρῆσαι,
1764 1838 1900 1917 πρό-

293 1953 458 2023 τερον
497 1927 868 2004 ευδοκιμήσας
910 1932 970 1988 ἐν
1005 1932 1079 2006 τῇ
1118 1952 1261 2004 προς
1300 1926 1612 2008 Μεγαρέας
1630 1926 1901 2006 γενομένη

295 2015 622 2097 στρατηγίῃ,
649 2013 900 2076 Νίσαιάν
933 2041 999 2076 τε
1029 2014 1172 2075 ἐλων
1198 2015 1291 2075 καὶ
1316 2015 1471 2074 ἄλλα
1495 2011 1901 2089 ἀποδεξάμενος

224 2116 229 2126 ’
294 2103 580 2185 μεγάλα”
551 2129 704 2184 εργα·
746 2104 780 2163 ὁ
807 2104 867 2163 δε
893 2102 1126 2180 δῆμος”
1093 2130 1126 2165 ο
1154 2128 1267 2163 των
1296 2101 1657 2178 Ἀθηναιων’
1632 2100 1901 2177 εξαπατη-

296 2191 425 2259 θεὶς,
463 2191 628 2250 ἔδωκέ
653 2193 708 2251 οἱ
741 2195 854 2251 τῶν
878 2190 1068 2251 οἰστῶν
1095 2191 1403 2260 καταλέξας
1426 2187 1628 2267 ἄνδρας
1650 2185 1898 2252 τούτους·

296 2276 352 2336 οἳ
391 2275 695 2353 δορυφόροι
723 2280 827 2353 μὲν
851 2276 968 2344 ,οὐκ
1003 2278 1257 2357 ἐγένοντο
1288 2275 1709 2354 Πεισιστράτου
1742 2301 1901 2353 κορυ-

294 2362 534 2440 νηφόροι
573 2362 652 2423 δέ·
697 2362 879 2433 ξύλων
910 2364 1024 2443 γὰρ
1066 2362 1300 2441 κορύνας
1334 2364 1553 2442 ἔχοντες
1589 2362 1812 2424 εἵποντό
1845 2366 1902 2424 οἱ

295 2450 519 2513 ὄπισθε·
559 2449 1076 2514 συνεπαναστάντες
1099 2450 1160 2510 δὲ
1186 2448 1339 2519 οὗτοι
1363 2449 1483 2526 ἅμα
1506 2449 1901 2531 Πεισιστράτῳ

297 2543 470 2619 ἔσχον
495 2538 600 2615 τήν
619 2537 946 2617 ἀκρόπολιν.
1015 2539 1146 2600 ἔνθα
1172 2538 1239 2615 δὴ
1266 2538 1299 2599 ὅ
1326 2537 1741 2614 Πεισίστρατος
1758 2538 1901 2617 ἦρχε

294 2626 618 2705 Ἀθηναίων,
646 2626 776 2687 οὔτε
813 2624 980 2704 τιμᾶς
1015 2627 1118 2691 τοὶς
1158 2625 1359 2691 ἐούσας
1399 2623 1745 2702 συνταράξας
1775 2624 1901 2685 οὔτε

297 2716 506 2793 θέσμια
528 2713 904 2793 μεταλλάξας·
953 2715 1051 2776 ἐπί
1081 2740 1145 2776 τε
1169 2718 1323 2776 τοῖσι
1364 2717 1707 2775 κατεστεῶσι
1746 2713 1903 2790 ἔνεμε

209 2815 286 2875 60
295 2804 399 2880 τήν
438 2802 626 2874 πόλιν,
653 2803 909 2881 κοσμέων
943 2807 1129 2868 καλῶς
1158 2828 1223 2867 τε
1258 2802 1351 2864 καὶ
1383 2801 1461 2863 εὖ.
1542 2800 1709 2862 Μετὰ
1738 2801 1800 2861 δὲ
1834 2801 1916 2861 οὗ4

296 2890 520 2953 πολλὰν
549 2891 754 2971 χρόνον
787 2890 963 2951 τῶυτό
997 2890 1383 2970 φρονήσαντες
1407 2890 1468 2951 οἶ
1495 2915 1558 2951 τε
1581 2894 1683 2949 τοῦ
1709 2895 1901 2970 Μεγα-

297 2980 469 3043 κλέως
505 2982 820 3040 στασιῶται
846 2980 938 3039 καὶ
966 2982 1019 3039 οἱ
1043 2983 1147 3039 τοῦ
1172 2978 1513 3059 Λυκούργου,
1541 2975 1907 3048 ἐξελαύνουσί

295 3094 413 3147 μιν.
463 3066 604 3127 οὕτω
617 3070 721 3144 μὲν
737 3067 1154 3145 Πεισίστρατος
1171 3068 1305 3147 ἔσχε
1321 3066 1387 3127 τὰ
1405 3070 1627 3145 πρῶτον
1642 3062 1899 3139 Ἀθήνας,

297 3158 390 3216 καὶ
440 3155 544 3233 τήν
590 3154 885 3234 τυραννίδα
935 3151 1078 3215 οὔκω
1124 3155 1302 3233 κάρτα
1347 3153 1710 3233 ἐρριζωμένην
1762 3148 1901 3227 ἔχων

297 3244 576 3318 ἀπέβαλε·
613 3246 668 3305 οἷ
692 3243 755 3303 δὲ
791 3241 1156 3314 ἐξελάσαντες
1188 3243 1625 3322 Πεισίστρατον,
1650 3236 1804 3298 αὖτις
1840 3238 1903 3293 ἐκ
