2267 3517
21 3349 156 3450 h

269 120 366 167 282
517 103 526 110 ’
713 97 724 106 ’
878 121 1247 170 ἯΡοΔοΤοΤ
1746 116 1868 183 [IV.

263 194 464 272 χώρης,
497 193 597 254 οὔκ
637 195 729 255 οἶά
761 222 826 256 τε
867 196 1005 257 εἶναι
1049 198 1130 256 ἔτι
1170 198 1505 273 προσωτέρω
1555 194 1684 256 οὔτε
1732 195 1871 273 ὁρᾶν

266 280 390 342 οὔτε
427 282 695 352 διεξιέναι,
731 282 842 342 ὖπὸ
882 289 1098 361 πτερῶν
1134 284 1464 362 κεχυμένων·
1506 287 1724 359 πτερῶν
1756 282 1869 363 γσῖρ

269 370 362 428 καὶ
400 370 503 444 τήν
543 373 657 448 ’γῆν
690 371 782 428 καὶ
822 369 923 430 τόν
963 370 1102 448 ἠέρα
1148 371 1287 432 εἶναι
1328 372 1522 441 πλέον,
1569 371 1663 429 καὶ
1700 373 1876 430 ταῦτα

269 457 406 516 εἶναι
432 455 502 516 τσῖ
529 455 913 534 οἷποκληῒοντα
938 459 1042 532 τὴν
1069 457 1219 535 ὄψιν.

216 546 254 602 8
355 543 563 608 Σκύθαι
603 547 709 620 μὲν
753 542 856 603 ὦδε
896 545 1034 622 ὑπὲρ
1072 546 1267 621 σφέων
1300 571 1364 605 τε
1404 543 1600 615 αὐτῶν,
1644 544 1736 604 καὶ
1774 549 1877 622 τῆς

271 629 454 708 χώρης
478 635 579 706 τῆς
613 632 920 709 κατύπερθε
959 633 1217 714 λέγουσι·
1256 632 1549 708 Ἑλλήνων
1590 633 1649 691 δὲ
1690 635 1745 692 οἱ
1777 630 1879 692 τᾶν

273 718 495 778 Πόντον
549 720 820 783 οἰκέοντες
874 717 995 780 ὧδε·
1077 719 1369 797 Ἡρακλέα
1421 718 1727 779 ἐλαύνοντα
1777 719 1879 782 τοὶς

273 805 560 882 Γηρυόνεω
593 809 754 883 ,βοῦς
808 806 1112 868 ἀπικέσθαι
1164 812 1220 871 ἐς
1266 811 1377 888 γῆν
1426 806 1633 882 ταύτην
1676 811 1879 866 εὀΰσαν

273 893 500 971 ἐρήμην,
537 893 609 969 ἥν
637 920 764 955 τινα
796 899 891 955 νῦν
929 895 1143 960 Σκύθαι
1180 895 1457 971 νέμονται·
1501 893 1783 970 Γηρυόνεα
1819 894 1879 952 δὲ

275 983 469 1042 οἰκέειν
497 982 596 1052 ἔξω
622 987 720 1043 τοῦ
738 982 962 1044 Πόντου
982 983 1381 1060 κατοικημένον
1404 981 1510 1058 τήν
1530 985 1584 1041 οἱ
1599 981 1880 1058 Ἕλληνες

274 1069 510 1151 λέγουσι
531 1068 820 1146 Ἐρύθειαν
848 1074 1042 1146 νῆσον,
1077 1070 1183 1146 τήν
1216 1069 1357 1147 πρὸς
1382 1069 1701 1145 Γηδείροισι
1726 1072 1881 1129 τοῖσι

277 1157 378 1226 ἔξω
417 1157 774 1234 Ἡρακληΐων
816 1159 1071 1235 στηλέων
1105 1159 1196 1218 ἐπὶ
1234 1161 1313 1235 τῷ
1349 1156 1610 1234 Ὠκεανῷ·
1658 1156 1781 1235 (τὸν
1820 1157 1881 1216 δὲ

275 1243 542 1307 Ὠκεανὸν
593 1245 748 1326 λόγῳ
787 1249 891 1322 μὲν
930 1247 1167 1327 λέγουσι
1207 1245 1321 1305 «ind
1361 1244 1529 1320 ἡλίου
1569 1242 1882 1306 οἷνατολέων

277 1330 587 1409 ἀρξάμενον
620 1337 730 1412 γῆν
764 1336 894 1411 περὶ
930 1338 1124 1394 πᾶσαν
1164 1334 1325 1410 ῥέειν,
1355 1333 1495 1413 ἔργῳ
1530 1331 1590 1390 δὲ
1618 1330 1716 1390 οὐκ
1744 1330 1881 1391 ἀπο-

279 1419 566 1498 δεικνῦσι·)
609 1421 856 1481 ἐνθεῦτεν
885 1421 986 1481 τόν
1020 1420 1311 1497 Ἡρακλέα
1346 1417 1651 1478 ἀπικέσθαι
1688 1423 1743 1482 ἐς
1778 1417 1883 1494 τήν

279 1509 376 1566 νῦν
423 1506 663 1581 Σκυθίην
707 1506 893 1583 χώρην
949 1507 1309 1584 καλεομένην·
1379 1507 1726 1582 καταλαβεῖν
1770 1506 1882 1588 γὰρ

281 1591 449 1664 αὕτόν
472 1593 719 1672 χειμῶνά
744 1619 806 1654 τε
839 1595 932 1652 καὶ
963 1593 1192 1671 κρυμόν·
1236 1592 1669 1671 ἐπειρυσάμενον
1695 1594 1754 1653 δὲ
1779 1593 1884 1669 τήν

278 1683 530 1755 λεοντῆν,
559 1685 936 1740 κατυπνῶσαι·
978 1680 1080 1744 τοὶς
1110 1681 1173 1740 δέ
1204 1685 1257 1741 οἱ
1286 1683 1487 1744 ἵππους
1516 1680 1618 1744 τσῖς
1643 1679 1757 1740 ‹in-6
1784 1685 1884 1742 τοῦ

280 1767 527 1845 ἅρματος
552 1769 856 1846 νεμομένας
883 1774 941 1830 ἐν
968 1769 1143 1848 τούτῳ
1171 1774 1247 1849 τῷ
1272 1770 1471 1848 χρόνῳ,
1499 1768 1885 1845 οἷφανισθῆναι

228 1859 263 1916 9
286 1856 406 1935 θείῃ
431 1855 593 1936 τύχῃ·
634 1857 732 1920 Ὡς
759 1857 804 1916 δ’
831 1859 1123 1939 ἐγερθῆναι
1150 1858 1250 1919 τόν
1274 1858 1578 1935 Ἡρακλέα,
1608 1858 1882 1934 δίζησθαι,

279 1945 465 2005 πάντα
503 1946 563 2004 δὲ
602 1945 674 2006 τὰ
709 1950 812 2021 τῆς
850 1946 1034 2026 χώρης
1075 1946 1461 2016 ἐπεξελθόντα,
1495 1947 1659 2008 τέλος
1700 1945 1885 2005 ἀπικέ-

285 2034 422 2092 σθαι
460 2038 517 2097 ἐς
553 2033 658 2110 τὴν
695 2033 931 2110 ’Υλαίην
972 2035 1315 2110 καλεομένην
1354 2038 1481 2114 γῆν·
1538 2035 1795 2097 ἐνθαῦτα.
1826 2034 1887 2093 δὲ

283 2119 454 2182 αὖτόν
507 2122 683 2200 εὑρεῖν
735 2127 794 2181 ἐν
835 2121 1014 2201 ἄντρῳ
1053 2121 1464 2200 μιξοπάρθενόν
1502 2147 1627 2182 τινα
1669 2123 1887 2200 ἔχιδναν

283 2209 502 2283 διφυέα·
569 2213 670 2285 τῆς
709 2209 780 2267 τοὶ
819 2212 923 2284 μὲν
963 2207 1076 2269 ἅνω
1118 2209 1231 2270 οἷπό
1271 2213 1381 2269 τῶν
1427 2209 1708 2289 γλουτέων
1750 2210 1887 2268 εἶναι

281 2296 556 2377 γυναικὸς,
581 2295 654 2355 τοὶ
683 2296 742 2354 δὲ
771 2297 984 2372 ἔνερθεν
1011 2297 1193 2372 ὄφιος·
1240 2296 1424 2357 ἰδόντα
1452 2297 1511 2356 δὲ
1553 2298 1645 2356 καὶ
1675 2296 1885 2374 θωυμά-

285 2408 482 2451 σαντα,
531 2383 856 2458 ἐπείρεσθαί
895 2410 992 2459 μιν
1033 2386 1084 2443 εἴ
1123 2410 1221 2444 κου
1261 2385 1370 2444 ἶδοι
1418 2385 1621 2448 ἵππους
1669 2390 1885 2445 πλανω-

283 2471 454 2545 μένας
471 2495 487 2539 ;
528 2470 632 2544 τήν
670 2470 729 2528 δὲ
769 2470 944 2546 φάναι
982 2471 1187 2546 ἑωυτὴν
1222 2473 1385 2550 ἔχειν,
1423 2472 1514 2531 καὶ
1542 2471 1642 2532 οὔκ
1674 2472 1887 2532 ἀποδῶ-

286 2583 409 2616 σειν
447 2558 629 2636 ἐκείνῳ
669 2558 801 2634 πρὶν
839 2557 875 2633 ἥ
919 2560 972 2616 οἱ
1010 2558 1299 2636 μιχθῆναι·
1351 2559 1453 2620 τόν
1500 2560 1559 2619 δὲ
1597 2560 1887 2637 Ἡρακλέα

284 2645 556 2722 μιχθῆναι
587 2645 679 2704 ἐπὶ
718 2649 794 2724 τῷ
829 2646 1016 2724 μισθῷ
1056 2645 1251 2726 τούτῳ·
1296 2647 1477 2722 κείνην
1515 2673 1578 2708 τε
1618 2648 1685 2723 δή
1726 2646 1889 2724 ὕπερ-

284 2733 575 2808 βαλέσθαι
607 2731 713 2808 τήν
754 2731 1029 2793 ἀπόδοσιν
1063 2737 1174 2793 τῶν
1214 2735 1395 2794 ἵππων
1429 2735 1789 2812 βουλομένην
1818 2733 1889 2797 ῶς

286 2823 560 2880 πλεῖστον
610 2819 814 2899 χρόνον
869 2824 1116 2881 συνεῖναι
1174 2825 1250 2900 τῷ
1302 2821 1593 2898 Ἡρακλέϊ,
1648 2823 1741 2881 καὶ
1791 2821 1889 2881 τόν

288 2907 664 2984 κομισάμενον
724 2908 934 2967 ἐθέλειν
976 2923 982 2928 ”
1011 2907 1516 2968 ἀπαλλάσσεσθαι·
1599 2909 1763 2972 τέλος
1830 2909 1891 2967 δὲ

288 2993 663 3056 ἀποδιδοῦσαν
703 2992 876 3068 αὐτὴν
910 2997 1100 3053 εἰπεῖν·
1145 3006 1179 3031 “
1200 2997 1400 3058 ἵππους
1438 2999 1542 3071 μὲν
1578 2995 1646 3070 δὴ
1688 2995 1891 3059 ταύτας

289 3080 626 3159 ἀπικομένας
665 3081 857 3142 ἐνθάδε
899 3079 1089 3140 ἔσωσοί
1128 3108 1220 3142 τοι
1260 3083 1385 3163 ἐγώ·
1441 3087 1675 3159 σῶστρα
1714 3083 1774 3141 δὲ
1815 3082 1891 3142 σύ

287 3170 584 3248 παρέσχες,
610 3168 716 3248 ἐγῶ
740 3167 850 3248 γοὶρ
875 3172 934 3226 ἐκ
961 3171 1064 3226 σεῦ
1082 3173 1229 3245 τρεῖς
1254 3169 1455 3231 παῖδας
1484 3170 1608 3246 ἔχω·
1646 3168 1890 3238 τούτους,

292 3254 460 3313 ε’πεσῖν
505 3257 771 3331 γένωνται
815 3253 1060 3331 τρόφιες,
1105 3254 1139 3315 ὅ
1184 3281 1240 3315 τι
1283 3255 1395 3333 χρὴ
1438 3255 1644 3314 ποιέειν
1692 3255 1889 3336 ἐξηγέο
