2267 3517
331 141 554 208 83-—36J
1019 144 1292 201 eAAmA.
1826 143 1923 197 21⁷

333 221 618 302 ἅληθέες.“’
695 223 969 303 πρότερον
996 222 1110 305 γὰρ
1153 224 1221 300 δή
1258 223 1381 301 ἄρα,
1408 223 1678 300 Περσέων
1708 224 1764 283 οἶ
1792 247 1925 284 συν·-

335 312 502 390 έδρων
535 311 733 372 ἐόντων
765 312 860 372 καὶ
891 312 1165 388 Κροίσου,
1209 311 1385 389 εἴρετο
1417 310 1745 387 Καμβύσης
1776 309 1926 375 κοῖός

334 424 417 464 τις
468 399 650 460 δοκέοι
699 398 841 477 α’,νήρ
895 399 1034 460 εἶναι
1084 398 1227 476 πρός
1279 398 1379 460 τόν
1428 400 1643 475 πατέρα
1696 398 1929 459 τελέσαι

334 491 558 564 Κῦρον;
599 487 656 548 οἶ
681 487 742 546 δὲ
767 484 1090 563 ἀμείβοντο,
1112 486 1183 550 ὥς
1211 487 1295 563 εἴη
1320 485 1555 564 ἀμείνων
1572 489 1674 546 τοῦ
1699 486 1927 563 πατρός·

335 574 408 635 τά
429 601 491 636 τε
515 574 627 656 γὰρ
653 575 860 635 ἐκείνου
888 573 1072 636 πάντα
1103 575 1251 654 ἔχειν
1279 572 1464 645 αὐτὰν,
1492 574 1585 633 καὶ
1619 577 1929 650 προσεκτῆ-

336 663 474 723 σθαι
514 661 801 743 Αἴγυπτόν
839 686 904 727 τε
939 661 1032 721 καὶ
1061 662 1168 738 τήν
1200 660 1523 723 θάλασσαν·
1578 662 1801 740 Πέρσαι
1827 663 1933 740 μὲν

338 749 409 826 δη
448 753 626 816 ταῦτα
667 751 882 831 ἔλεγον·
951 753 1205 828 Κροῖσος
1246 750 1307 809 δὲ
1344 749 1565 827 παρεόν
1604 775 1669 810 τε
1702 751 1795 809 καὶ
1830 748 1931 810 οὐκ

337 837 711 916 ἀρεσκόμενος
754 841 828 916 τῇ
871 837 1068 916 κρίσει,
1117 837 1238 898 εἶπε
1282 837 1424 915 πρὸς
1461 837 1561 899 τόν
1609 837 1935 914 Καμβύσεα

337 925 486 986 τάδε·
554 937 590 962 “
605 926 732 1003 ἐμοὶ
780 925 886 1003 μέν
930 951 1044 996 νυν,
1097 925 1143 985 ὦ
1192 928 1301 985 παῖ
1350 923 1557 1003 Κύρου,
1611 924 1677 986 ού
1729 925 1934 989 δοκέεις

338 1012 532 1090 ὁμοῖος
556 1014 696 1075 εἶναι
719 1017 798 1092 τῷ
821 1014 1039 1091 πατέρι·
1082 1012 1149 1073 οὗ
1173 1013 1284 1094 γάρ
1310 1039 1387 1072 κω
1410 1014 1505 1073 τοί
1526 1017 1651 1073 ἐστι
1674 1012 1791 1076 υἶός
1816 1012 1935 1073 οἶόν

339 1124 412 1160 σε
447 1105 665 1165 ἐκεῖνος.
683 1099 1064 1162 κατελίπετο·”
1117 1099 1273 1177 ἥσθη
1307 1125 1371 1161 τε
1404 1104 1582 1160 ταῦτα
1622 1099 1867 1164 οἰκούσας
1902 1099 1935 1160 ὅ

341 1187 666 1265 Καμβύσης
691 1188 784 1248 καὶ
810 1189 1024 1249 ἐπαίνεε
1046 1187 1152 1264 τὴν
1179 1188 1434 1264 Κροίσου
1460 1187 1663 1265 κρίσιν.
1715 1186 1935 1248 Τούτων
1953 1188 2029 1247 35

342 1275 412 1352 δὴ
443 1274 518 1336 ὧν
553 1277 965 1354 ἐπιμνησθέντα
999 1275 1143 1357 ὀργῇ
1180 1277 1367 1357 λέγειν
1401 1275 1543 1352 πρὸς
1576 1275 1677 1336 τᾶν
1711 1273 1936 1352 Πρηξά-

343 1387 515 1424 σπεα·
571 1364 688 1423 “a-13
729 1368 826 1425 νῦν
867 1363 1014 1441 μάθε
1057 1369 1106 1424 εἰ
1151 1365 1387 1445 λέγουσι
1432 1364 1657 1440 Πέρσαι
1702 1361 1933 1439 ἀληθέα,
1948 1435 1961 1446 .

344 1452 453 1511 εἴτε
489 1449 647 1513 αὐτοὶ
685 1453 945 1533 λέγοντες
983 1455 1162 1512 ταῦτα
1200 1451 1677 1528 παραφρονέουσι·
1745 1454 1795 1511 εἰ
1834 1453 1939 1528 μὲν

341 1538 454 1620 γὰρ
498 1543 600 1601 τοῦ
651 1539 850 1604 παιδὸς
887 1543 990 1602 τοῦ
1029 1543 1140 1602 σοῦ
1178 1539 1341 1600 τοῦδε
1381 1542 1648 1604 ἑστεῶτος
1687 1543 1747 1600 ἐν
1783 1543 1937 1600 τοῖσι

342 1627 678 1707 προθύροισι
701 1628 904 1706 βαλών
925 1627 1155 1709 τύχοιμι
1186 1628 1368 1705 μέσης
1400 1631 1503 1704 τῆς
1526 1627 1764 1706 καρδίης,
1794 1629 1938 1705 Πέρ-

345 1742 446 1777 σαι
473 1718 772 1793 φανέονται
805 1717 1064 1797 λέγοντες
1089 1715 1267 1777 οὐδέν·
1306 1714 1377 1793 ἢν
1406 1716 1467 1776 δὲ
1497 1715 1739 1794 ἁμάρτω,
1768 1714 1941 1794 φάναι

345 1805 576 1883 Πέρσας
609 1830 674 1866 τε
703 1805 892 1885 λέγειν
930 1803 1148 1881 ἀληθέα
1187 1805 1281 1864 καὶ
1319 1806 1391 1881 μὲ
1428 1804 1510 1881 μή
1553 1802 1941 1882 σωφρονέειν·”

344 1897 519 1953 ταῦτα
543 1894 604 1953 δὲ
639 1892 865 1954 εἰπόντα
897 1893 990 1954 καὶ
1029 1892 1373 1954 διατείναντα
1403 1891 1471 1952 τᾶ
1502 1891 1685 1962 τόξον,
1709 1892 1943 1966 βαλέειν

345 1979 447 2040 τᾶν
497 1981 690 2040 παῖδα·
769 1979 1044 2045 πεσόντος
1089 1981 1151 2040 δὲ
1200 1983 1303 2042 τοῦ
1354 1979 1566 2049 παιδός,
1620 1978 1942 2056 ἀνασχίζειν

349 2066 518 2128 αὐτὸν
553 2066 798 2128 κελεύειν
830 2068 923 2128 καὶ
955 2069 1283 2147 σκέψασθαι
1313 2067 1381 2129 τὰ
1413 2069 1639 2144 βλῆμα·
1686 2065 1759 2130 ὥς
1788 2067 1849 2126 δὲ
1879 2071 1939 2128 ἐν

348 2157 422 2233 τῇ
447 2154 640 2234 καρδίῃ
669 2154 958 2232 εὑρεθῆναι
983 2156 1205 2217 ἐνεόντα
1243 2155 1344 2218 τὸν
1366 2154 1579 2226 όῖστόν,
1607 2155 1780 2214 εἰπεῖν
1802 2153 1943 2232 πρός

348 2241 449 2302 τὸν
486 2242 701 2319 πατέρα
738 2245 839 2302 τοῦ
889 2243 1101 2314 παιδὸς,
1142 2243 1468 2326 γελάσαντα
1512 2241 1605 2303 καὶ
1642 2242 1945 2322 περιχαρέα

350 2328 668 2411 γενόμενον·
709 2339 746 2366 “
760 2329 1120 2408 Πρήξασπες,
1150 2331 1222 2396 ὥς
1249 2335 1353 2407 μὲν
1390 2333 1561 2414 ἔγωγε
1588 2329 1653 2391 ὀύ
1676 2330 1951 2408 μαίνομαί

350 2443 414 2478 τε
447 2419 670 2494 Πέρσαι
707 2443 773 2480 τε
808 2419 1270 2496 παραφρονέουσι
1299 2419 1446 2496 δῆλά
1476 2446 1565 2480 τοι
1594 2419 1809 2500 γέγονε·
1850 2421 1946 2479 νῦν

352 2505 418 2566 δέ
443 2530 542 2583 μοι
573 2508 708 2577 εἰπὲ,
733 2506 858 2566 τίνα
890 2505 1028 2571 εἶδες
1057 2505 1167 2583 ἥδη
1197 2507 1419 2569 πάντων
1449 2507 1750 2585 ἀνθρώπων
1781 2505 1949 2570 οὕτως

355 2595 637 2654 ἐπίσκοπα
661 2593 958 2664 τοξεύοντα
973 2593 1024 2664 ;”
1056 2594 1410 2672 Πρηξάσπεα
1436 2595 1496 2656 δὲ
1521 2595 1751 2673 ὁρέοντα
1776 2593 1950 2672 ἄνδρα

356 2680 422 2741 οὗ
463 2681 758 2760 φρενήρεα,
803 2683 898 2741 καὶ
946 2682 1076 2759 περὶ
1121 2685 1301 2760 ἑωυτῷ
1351 2682 1715 2759 δειμαίνοντα,
1758 2685 1947 2742 εἰπεῖν·

357 2769 662 2839 ’(δέσποτα,
691 2766 806 2829 οὐδ’
832 2766 902 2830 ἂν
928 2768 1096 2830 αὐτὸν
1121 2770 1294 2850 ἔγωγε
1324 2769 1495 2829 δοκέω
1525 2768 1626 2831 τόν
1654 2768 1785 2830 θεόν
1809 2768 1953 2830 οὕτω

357 2854 426 2917 ἂν
467 2861 650 2920 καλῶς
699 2855 985 2934 βαλέειν.”
1063 2856 1193 2918 τότε
1230 2858 1335 2935 μὲν
1372 2862 1547 2918 ταῦτα
1589 2857 1949 2938 ἐξεργάσατο·

357 2945 582 3022 ἑτέρωθι
615 2945 677 3006 δὲ
716 2943 885 3022 ὄμοῖα
914 2946 1070 3006 τοῖσι
1099 2944 1389 3022 πρώτοισι,
1417 2945 1684 3022 Περσέων
1714 2944 1954 3004 δυώδεκα

359 3032 450 3109 ἐφ’
477 3032 707 3111 οὐδεμιῇ
733 3031 881 3111 αἰτίῃ
912 3030 1183 3112 ἀξιόχρεῳ
1223 3031 1364 3092 ἑλῶν
1394 3031 1633 3104 ζώοντας
1665 3032 1757 3092 ἐπὶ
1782 3037 1952 3107 κεφα-

359 3121 470 3198 λήν
495 3119 789 3198 κατώρυξε.

443 3207 724 3271 Ταῧτωδέ
745 3231 844 3286 μιν
869 3211 1132 3268 ποιεῦντα
1154 3207 1437 3268 ἐδικαίωσε
1459 3209 1710 3283 Κροῖσος
1725 3205 1758 3265 ὅ
1773 3204 1954 3269 Λυδός
1972 3208 2047 3266 36

358 3298 695 3424 νουθεῖξσαι
737 3295 953 3358 τοισίδε
996 3297 1151 3356 τοῖσι
1192 3295 1371 3355 ἔπεσι·
1429 3291 1518 3352 “ὧ
1570 3293 1835 3365 βασιλεῦ,
1875 3292 1955 3362 μὴ
