2267 3517
365 117 649 182 ιιι-146]
1028 117 1298 169 eAAmA.
1867 114 1960 168 271

359 195 470 276 νόῳ
503 197 621 277 εἶχε
653 193 898 276 μετιέναι
929 197 1122 273 αὐτήν·
1164 195 1299 257 ἀλλ’
1327 196 1399 260 ὥς
1428 195 1753 277 ἀνεχώρησε
1778 201 1835 262 ἐς
1858 198 1966 275 τήν

358 283 686 362 οἷκρόπολιν,
703 284 1200 362 μεταπεμπόμενος
1218 285 1314 344 ἕνα
1341 284 1579 344 ἕκαστον
1600 284 1671 348 ὥς
1697 285 1765 361 δή
1786 285 1962 366 λόγον

357 377 468 433 τῶν
491 371 794 452 χρημάτων
819 372 1028 443 δώσων,
1047 374 1338 449 σ-υνέλαβέ
1361 379 1547 449 σφεας
1564 375 1655 433 καὶ
1672 375 1961 450 κατέδησε·

359 463 414 520 οἶ
441 465 548 538 μὲν
582 461 652 538 δή
690 461 958 522 ἐδεδέατο·
1000 460 1349 538 Μαιάνδριον
1376 461 1435 520 δὲ
1460 461 1604 537 μετὰ
1629 465 1804 521 ταῦτα
1838 489 1961 524 κατ-

359 549 538 625 έλαβε
565 553 786 613 νοῦσος·
829 549 1068 620 ἐλπίζων
1093 548 1159 608 δέ
1179 574 1279 625 μιν
1304 546 1717 610 ἀποθανέεσθαι
1742 549 1775 609 ὁ
1802 549 1963 611 οἷδελ-

357 635 512 711 φεὸς,
544 641 624 716 τῷ
661 636 876 714 οὕνομα
909 638 1004 712 ἔην
1042 635 1387 713 Λυκάρητος,
1430 637 1521 696 ἵνα
1561 635 1964 716 εὐπετεστέρως

357 723 618 804 κατάσχῃ
642 723 714 784 τοὶ
741 729 800 786 ἐν
817 728 890 803 τῇ
919 723 1090 803 Σάμῳ
1115 723 1439 805 πρήγματα,
1469 726 1807 784 κατακτείνει
1832 727 1963 792 τούς

355 810 646 889 δεσμώτας
669 812 900 877 πάντας.
969 811 1034 872 οὗ
1058 810 1169 892 γιὶρ
1198 811 1283 888 δὴ,
1312 811 1385 875 ὥς
1410 812 1613 881 οἴκασι,
1645 814 1957 889 ἐβουλέατο

355 897 495 959 εἶναι
523 899 824 977 ἐλεύθεροι.

433 986 661 1064 Ἐπειδὴ
703 987 778 1048 ὦν
819 986 1086 1047 α’πίκοντο
1128 991 1183 1050 ἐς
1222 985 1326 1062 τήν
1367 985 1559 1064 Σάμον
1600 990 1653 1048 οἶ
1694 987 1919 1064 Πέρσαι
1940 992 2046 1050 144

354 1075 686 1156 κατάγοντες
719 1076 1081 1144 Συλοσῶντα,
1109 1073 1238 1134 οὔτε
1267 1075 1351 1137 τίς
1386 1081 1500 1151 σφι
1530 1077 1723 1154 χεῖρας
1748 1075 1958 1135 ἀνταεί-

351 1185 507 1237 ρεται
547 1161 900 1222 ὑπόσπονδοί
938 1187 1003 1223 τε
1044 1163 1273 1237 ἔφασαν
1316 1161 1455 1221 εἶναι
1498 1165 1709 1238 ἑτοῖμοι
1753 1166 1806 1221 οἶ
1856 1167 1958 1224 τοῦ

352 1250 700 1326 Μαιανδρίου
735 1253 1050 1310 στασιῶται
1084 1250 1177 1309 καὶ
1216 1248 1383 1312 αύτός
1421 1247 1765 1326 Μαιάνδριος
1791 1255 1958 1330 ἐκχω-

349 1339 527 1411 ρῆσαι
557 1342 618 1396 ἐκ
649 1341 752 1413 τῆς
783 1337 980 1412 νήσου·
1024 1337 1451 1399 καταινέσαντος
1485 1335 1531 1395 δ’
1569 1337 1661 1396 ἐπῒΙ
1700 1337 1956 1399 τούτοισι

349 1421 596 1485 Ὀτάνεω
623 1424 716 1484 καὶ
743 1427 1143 1502 σπεισαμένου,
1171 1429 1281 1484 τῶν
1309 1424 1576 1500 Περσέων
1602 1427 1656 1484 οἱ
1680 1427 1955 1488 πλείστου

347 1509 493 1580 ἄξιοι
533 1513 764 1590 θρόνους
813 1513 1035 1590 θέμενοι
1079 1513 1431 1573 κατεναντίον
1468 1514 1569 1587 τῆς
1614 1511 1955 1589 ἀκροπόλιος

346 1601 629 1662 ἐκατέατο.
697 1601 1024 1678 Μαιανδρίῳ
1061 1599 1120 1660 δὲ
1154 1603 1234 1679 τῷ
1264 1599 1507 1679 τυράννῳ
1534 1598 1605 1676 ἦν
1637 1599 1913 1679 ἀδελφεὰς
1932 1605 2043 1664 145

342 1687 799 1771 ὕπομαργότερος
836 1694 916 1768 τῷ
947 1686 1159 1765 οὔνομα
1193 1687 1265 1764 ἦν
1297 1688 1605 1765 Χαρίλεως·
1648 1687 1809 1752 οὗτος
1836 1689 1869 1750 ὅ
1892 1715 1949 1751 τι

342 1775 411 1852 δή
454 1776 776 1856 ἐξαμαρτών
803 1781 863 1837 ἐν
887 1775 1138 1859 γοργύρῃ
1173 1775 1403 1835 ἐδέδετο·
1447 1775 1539 1834 καὶ
1565 1775 1634 1850 δὴ
1659 1775 1789 1836 τότε
1817 1781 1947 1836 ἐπα-

341 1863 549 1929 κούσας
573 1891 635 1926 τε
659 1864 732 1926 τσῗ
757 1863 1133 1942 πρησσόμενα
1160 1862 1254 1922 καὶ
1280 1861 1549 1940 διακύψας
1576 1861 1665 1921 διοῖ
1690 1866 1792 1938 τῆς
1813 1890 1945 1944 γορ·
2006 1881 2012 1888 ’

338 1951 527 2029 γόρης,
571 1952 642 2016 ὥς
683 1951 796 2011 εἶδε
834 1951 963 2015 τοῦς
1004 1951 1238 2028 Πέρσας
1279 1950 1560 2027 εἰρηναίως
1592 1951 1945 2026 κατημένους,

341 2038 486 2112 ἐβόα
515 2064 578 2099 τε
609 2039 701 2098 καὶ
732 2039 844 2114 ἔφη
879 2039 1060 2118 λέγων
1097 2037 1423 2117 Μαιανδρίῳ
1451 2037 1637 2098 θέλειν
1664 2036 1849 2097 ἐλθεῖν
1886 2043 1940 2104 ἐς

337 2123 562 2204 λόγους·
603 2125 918 2190 ἐπακούσας
943 2127 1004 2186 δὲ
1028 2125 1062 2187 ὅ
1088 2124 1433 2203 Μαιάνδριος
1458 2123 1743 2188 λύσαντας
1768 2123 1939 2187 αὐτὰν

341 2213 564 2272 ἐκέλευε
583 2211 738 2294 ἄγειν
762 2212 895 2292 παρ’
912 2213 1129 2274 ἑωυτόν·
1173 2213 1246 2278 οἷς
1271 2214 1331 2272 δὲ
1358 2211 1507 2292 ἄχθη
1532 2211 1793 2291 τάχιστα,
1820 2216 1939 2274 λοι·

338 2297 542 2376 δορέων
565 2326 629 2360 τε
661 2302 754 2360 καὶ
795 2301 1027 2373 κακίζων
1051 2326 1150 2379 μιν
1176 2301 1429 2362 ἀνέπειθε
1468 2301 1763 2362 ἐπιθέσθαι
1786 2305 1941 2362 τοῖσι

337 2387 622 2466 Πέρσῃσι,
662 2389 844 2471 λέγων
880 2388 1088 2450 τοιάδε·
1148 2391 1290 2465 ’(ἐμὲ
1326 2391 1447 2465 μὲν,
1490 2387 1533 2447 ὦ
1574 2387 1805 2449 κάκιστε
1844 2387 1933 2451 οἷν-

336 2473 498 2553 δρῶν,
525 2475 685 2537 ἐόντα
711 2480 957 2538 σεωυτοῦ
980 2474 1261 2552 α’δελφεὸν
1287 2477 1391 2536 καὶ·
1406 2475 1751 2552 ἀδικήσαντα
1776 2475 1935 2538 οὐδὲν
1981 2479 1987 2484 ’

335 2560 490 2632 ἄξιον
535 2563 748 2641 δεσμοῦ
791 2565 970 2640 δήσας
1013 2563 1298 2646 γοργύρης
1346 2562 1610 2640 ἠξίωσας,
1659 2563 1830 2642 ὁρέων
1875 2565 1934 2640 δὲ

332 2648 464 2714 τοῦς
487 2651 720 2728 Πέρσας
755 2652 1155 2732 ἐκβάλλοντάς
1166 2677 1229 2712 τε
1254 2675 1325 2712 σε
1353 2651 1445 2710 καὶ
1472 2650 1693 2712 ἄνοικον
1718 2655 1931 2712 ποιεῦν-

333 2760 448 2808 τας,
476 2739 542 2798 οὗ
567 2743 786 2820 τολμᾷς
808 2740 1084 2800 τίσασθαι
1110 2738 1254 2800 οὕτω
1280 2738 1349 2815 δή
1372 2764 1431 2800 τι
1458 2738 1648 2803 ἐόντας
1675 2738 1933 2804 εὐπετέας

329 2827 664 2904 χειρωθῆναι
683 2852 698 2896 ;
740 2826 870 2888 ἀλλ’
892 2828 942 2886 εἴ
963 2853 1020 2889 τι
1045 2826 1122 2887 σύ
1141 2832 1326 2905 σφεας
1352 2827 1789 2905 καταρρώδηκας,
1808 2828 1932 2904 ἐμοὶ

331 2911 427 2976 δδς
463 2913 592 2976 τούς
632 2914 974 2991 ἐπικούρους·
1027 2915 1127 2974 καί
1162 2920 1347 2990 σφεας
1388 2914 1495 2995 ἐγώ
1533 2913 1927 2992 τιμωρήσομαι

327 3003 430 3075 τῆς
475 3001 668 3062 ἐνθάδε
713 3001 959 3072 οἷπίξιος,ι
985 3000 1157 3062 αύτὸν
1198 3001 1262 3060 δέ
1300 3027 1371 3060 σε
1410 3002 1691 3078 ἐκπέμψαι
1732 3006 1795 3060 ἐκ
1828 3003 1930 3076 τῆς

327 3088 508 3165 νήσου
555 3089 773 3169 ἐτοῖμός
815 3089 976 3167 εἶμι.”
1048 3093 1240 3150 Ταῦτα
1282 3089 1438 3160 ἔλεξε
1490 3089 1523 3149 ὁ
1576 3088 1887 3165 Χαρίλεως·
1908 3089 2021 3148 146

327 3177 670 3256 Μαιάνδριος
694 3178 755 3238 δὲ
777 3176 1040 3254 ὖπέλαβε
1062 3176 1163 3238 τόν
1182 3176 1373 3258 λόγον,
1392 3175 1464 3239 ὥς
1488 3177 1592 3252 μὲν
1612 3174 1719 3256 ἐγώ
1740 3174 1926 3244 δοκέω,

325 3265 428 3326 οὐκ
467 3271 524 3332 ἐς
560 3271 728 3328 τοῦτο
770 3263 1097 3344 ἀφροσύνης
1136 3261 1470 3339 ἀπικόμενος
1510 3261 1583 3324 ὦς
1624 3261 1791 3332 δόξαι.
1820 3259 1925 3338 τήν
