2267 3517
354 143 435 201 85,
461 140 550 205 86]
1061 139 1285 189 mmo.
1894 144 1961 191 ⁴3

353 219 562 297 πέδῃσι
603 218 906 294 δεδεμένον,
949 218 1042 277 καὶ
1083 218 1165 281 δὶς
1208 218 1347 279 ἑπτοὶ
1384 218 1581 280 Λυδῶν
1617 218 1747 297 παρ’
1788 218 1963 281 ada-dv

355 307 574 375 παῖδας,
612 310 672 365 ἐν
701 304 810 384 νόῳ
841 306 980 383 ἔχων
1012 306 1125 365 εἴτε
1160 304 1230 381 δὴ
1264 305 1552 382 ἀκροθίνια
1582 310 1759 366 ταῦτα
1798 334 1962 368 κατα·-

355 396 497 476 γιεῖν
523 395 662 453 θεῶν
687 392 822 471 ὅτεῳ
850 393 935 468 δή,
965 394 1074 454 εἴτε
1100 393 1193 452 καὶ
1220 393 1391 471 εὐχὴν
1419 394 1743 455 ἐπιτελέσαι
1764 396 1961 457 θέλων·

358 482 468 541 εἶτε
522 482 615 539 καὶ
665 480 976 556 πυθόμενος
1025 480 1128 540 τόν
1182 486 1437 559 Κροῖσον
1483 482 1621 541 εἶναι
1668 483 1963 558 θεοσεβέα,

358 569 520 630 τοῦδε
552 568 754 629 εἵνεκεν
785 566 1106 644 ἀνεβίβασε
1139 570 1231 628 ἐπὶ
1262 570 1367 644 τήν
1400 569 1584 647 πυρήν
1615 570 1967 647 βουλόμενος

361 657 558 717 εἰδέναι
600 657 652 716 εἶ
687 682 772 720 τις
809 680 908 733 μιν
947 655 1221 733 δαιμόνων
1259 656 1489 734 ῥύσεται
1527 661 1628 718 τοῦ
1666 658 1747 735 μή
1789 660 1968 730 ζῶντα

361 746 790 821 κατακαυθῆναι.
871 743 972 804 τᾶν
1009 746 1114 820 μὲν
1161 743 1230 821 δὴ
1280 746 1492 806 ποιέειν
1527 749 1723 806 ταῦτα·
1790 750 1869 825 τῷ
1907 747 1967 807 δὲ

363 833 594 911 Κροίσῳ
621 836 850 892 ἑστεῶτι
887 832 980 890 ἐπὶ
1009 836 1110 907 τῆς
1142 836 1321 909 πυρῆς
1357 834 1627 903 ἐσελθεῖν,
1658 835 1754 893 καί
1775 860 1880 912 περ
1906 840 1966 895 ἐν

362 924 509 999 κακῷ
535 920 680 981 ἐόντι
716 919 986 999 τοσούτῳ,
1021 920 1089 981 τὸ
1121 924 1223 980 τοῦ
1262 920 1533 991 Σόλωνος,
1566 920 1640 985 ὥς
1671 925 1723 981 οἱ
1752 924 1835 999 εἴη
1862 922 1969 981 σῦν

360 1008 470 1087 θεῷ
495 1008 780 1085 εἰρημένον
798 1034 866 1069 το
849 1008 864 1028 “
885 1019 918 1043 ‘⁶
925 1008 1139 1085 μηδένα
1158 1008 1297 1068 εἶναι
1314 1013 1424 1068 τῶν
1442 1008 1691 1079 ζωόντων
1710 1008 1967 1086 ὅλβιον·”

363 1122 434 1158 ως
460 1095 581 1155 δὲ’
547 1122 654 1173 αρα
672 1121 770 1174 μιν
793 1100 1111 1174 προστῆναι
1134 1100 1319 1166 τοῦτο,
1342 1095 1760 1172 ἀνενεικάμενόν
1783 1122 1847 1156 τε
1872 1098 1965 1156 καὶ

363 1180 810 1253 ἀναστενάξαντα
837 1189 898 1242 ἐκ
923 1187 1149 1259 πολλῆς
1174 1182 1415 1263 ἡσυχίης
1447 1187 1501 1247 ἐς
1531 1184 1651 1261 τρὶς
1687 1182 1967 1261 ὀνομάσαι

367 1268 619 1332 Σόλωνα·
661 1269 754 1329 καὶ
791 1269 891 1330 τόν
930 1274 1121 1349 Κῦρον
1164 1269 1497 1340 ἀκούσαντα,
1542 1273 1807 1331 κελεῦσαι
1836 1270 1968 1335 τοῦς

368 1356 634 1432 ἑρμηνέας
675 1358 993 1435 ἐπείρεσθαι
1023 1358 1124 1418 τόν
1164 1362 1435 1435 Κροῖσον,
1464 1358 1589 1419 τίνα
1628 1364 1827 1419 τοῦτον
1854 1364 1969 1419 ἐπι-

369 1444 650 1514 καλέοιτο;
681 1445 771 1505 καὶ
789 1446 919 1509 τούς
936 1444 1360 1523 προσελθόντας
1380 1452 1694 1523 ἐπειρωτᾶν,
1714 1451 1968 1524 Κροῖσον

367 1531 430 1591 δὲ
466 1534 598 1596 τέως
635 1535 740 1611 μὲν
780 1534 954 1615 σιγὴν
993 1534 1141 1613 ἔχειν
1180 1534 1572 1612 ἐρωτεώμενον,
1599 1535 1741 1613 μετὰ
1782 1536 1857 1605 δὲ,
1900 1535 1970 1599 ὦς

364 1619 720 1702 ηναγκάζετο,
777 1626 968 1681 εἰπεῖν·
1012 1621 1153 1682 “v-dv
1192 1620 1261 1682 ἂν
1301 1623 1410 1704 ἐγώ
1449 1628 1597 1683 πᾶσι
1648 1649 1970 1700 τυραννοισι

365 1709 719 1786 προετίμησα
757 1708 1020 1791 μεγάλων
1057 1709 1358 1789 χρημάτων
1399 1715 1455 1775 ἐς
1492 1710 1698 1792 λόγους
1737 1712 1939 1771 ἐλθεῖν.
1937 1709 1971 1730 ”

368 1794 440 1859 ὥς
463 1796 526 1856 δέ
547 1796 724 1873 σφι”’
687 1823 886 1874 ασημα
911 1798 1132 1874 ἔφραζε,
1160 1797 1387 1858 πάλιν’
1360 1798 1684 1875 επειρῶτεον
1709 1824 1780 1858 τα
1809 1797 1970 1881 λεγό-

367 1909 523 1961 μενα.
605 1885 984 1962 λιπαρεόντων
1009 1886 1069 1944 δὲ
1089 1884 1269 1946 αὐτῶν
1289 1886 1381 1945 καὶ
1400 1886 1578 1965 ὄχλον
1597 1885 1966 1965 παρεχόντων,

369 1973 527 2054 ἔλεγε
566 1973 654 2049 δή,
699 1973 770 2037 ὥς
807 1973 952 2050 ἦλθε
992 1972 1173 2052 ἀρχήν
1213 1972 1246 2033 ὅ
1288 1971 1499 2043 Σόλων,
1529 1974 1630 2033 ἐών
1659 1973 1968 2048 Ἀθηναῖος,

370 2062 462 2119 καὶ
487 2061 832 2138 θεησάμενος
861 2060 1046 2125 πάντα
1080 2062 1182 2122 τόν
1218 2064 1418 2120 ἑωυτοῦ
1453 2060 1638 2137 ὄλβον
1670 2060 1971 2138 ἀποφλαυ-

367 2148 560 2225 ρίσειε,
589 2149 680 2208 οἷα
705 2149 775 2226 δή
802 2150 978 2212 εἶπας·
1017 2149 1086 2213 ὦς
1119 2174 1183 2209 τε
1220 2148 1365 2227 αὐτῷ
1399 2147 1583 2209 πάντα
1614 2147 1973 2225 ἀποβεβήκοι

367 2241 544 2315 τῇπερ
572 2242 776 2302 ἐκεῖνος
803 2238 938 2307 εἶπε,
969 2237 1126 2299 οὐδέν
1150 2262 1206 2297 τι
1231 2240 1459 2313 μᾶλλον
1486 2241 1541 2300 ἐς
1572 2236 1770 2297 ἑωυτόν
1795 2237 1975 2319 λέγων

369 2324 407 2401 ἢ
451 2332 505 2389 ἐς
540 2324 691 2385 ἅπαν
719 2326 788 2385 τὸ
826 2323 1188 2402 ἀνθρώπινον,
1232 2324 1323 2383 καὶ
1362 2324 1619 2402 μάλιστα
1656 2326 1785 2388 τοῦς
1823 2324 1977 2402 παρὰ

369 2414 549 2489 σφίσι
595 2412 817 2474 αυτοῖσι
864 2412 1153 2475 δοκέοντας
1199 2412 1436 2490 ὀλβίους
1490 2413 1645 2473 εἶναι.
1727 2438 1827 2473 τον
1872 2415 1975 2488 μὲν

373 2503 628 2578 Κροῖσον
683 2506 862 2561 ταῦτα
922 2501 1288 2581 ἀπηγέεσθαι,
1342 2506 1445 2577 τῆς
1512 2502 1572 2561 δὲ
1627 2504 1805 2577 πυρῆς
1868 2500 1977 2575 ἤδη

375 2586 622 2663 ἁμμένης
669 2590 926 2650 καίεσθαι
968 2614 1042 2648 τα
1089 2584 1455 2667 περιέσχατα·
1511 2590 1605 2648 καὶ
1647 2588 1747 2649 τᾶν
1787 2592 1979 2665 Κῦρον

377 2672 694 2735 ἀκουσαντα
707 2681 816 2737 τῶν
833 2676 1108 2753 ἑρμηνέων
1120 2702 1193 2736 τα
1174 2675 1329 2735 εἶπε
1345 2680 1611 2753 Κροῖσος,
1634 2676 1980 2757 μεταγνόντα

377 2783 442 2820 τε
467 2762 560 2819 καὶ
587 2763 897 2824 ἐννώσαντα
925 2764 1010 2824 ὅτι
1036 2764 1130 2823 καὶ
1156 2762 1321 2827 ‹nh-63
1352 2762 1639 2841 ἅνθρωπος
1667 2762 1769 2823 ἐών
1799 2763 1983 2823 ἄλλον

381 2844 670 2924 ἄνθρωπον
699 2851 994 2931 γενόμενον
1033 2854 1233 2911 ἑωυτοῦ
1270 2850 1584 2929 εὐδαιμονίῃ
1619 2850 1718 2911 οὐκ
1750 2851 1982 2911 ἐλάσσω

381 2933 590 3005 ζώοντα
620 2938 752 3015 πυρὶ
787 2938 981 3015 διδοίη,
1019 2938 1163 3017 πρός
1199 2964 1263 2998 τε
1294 2939 1563 3008 τούτοισι,
1592 2938 1854 2999 δείσαντα
1879 2938 1984 3014 τήν

379 3024 533 3083 τίσιν
547 3024 638 3082 καὶ
659 3026 1051 3102 ἐπιλεξάμενον
1067 3026 1140 3089 ὥς
1159 3025 1316 3087 οῦδὲν
1332 3028 1417 3101 εἴη
1431 3030 1542 3086 τῶν
1561 3031 1619 3085 ἐν
1638 3025 1981 3103 ἀνθρώποισι

381 3109 688 3188 ἀσφαλέως
713 3115 858 3192 ἔχον,
887 3113 1130 3175 κελεύειν
1158 3114 1461 3191 σβεννύναι
1486 3114 1590 3189 τήν
1614 3114 1892 3191 ταχίστην
1914 3111 1983 3170 τὰ

383 3199 675 3277 καιόμενον
725 3205 854 3277 πῧρ,
910 3201 1003 3259 καὶ
1043 3200 1449 3277 καταβιβάζειν
1496 3197 1753 3274 Κροῖσόν
1788 3220 1852 3254 τε
1891 3196 1985 3254 καὶ

381 3286 511 3350 τούς
524 3287 669 3365 μετὰ
685 3287 962 3363 Κροίσου·
990 3286 1083 3345 καὶ
1099 3286 1231 3348 τούς
1248 3285 1615 3361 πειρωμένους
1632 3280 1697 3340 οὗ
1718 3280 1987 3341 δύνασθαι
