2267 3517
305 122 370 169 40
613 98 622 108 '
915 118 1282 168 ἭΡοΔοΤοτ
1830 123 1899 188 [Ι.

302 198 503 257 δοκέων
521 199 576 256 οἳ
600 195 805 275 χρόνον
824 195 916 256 ἐπὶ
939 195 1155 273 μακρόν
1174 196 1407 257 ἔσεσθαι
1429 222 1536 273 την
1552 201 1901 277 πολιορκίην,

305 285 512 360 ἔπεμπε
539 287 599 343 ἐκ
625 286 725 343 τοῦ
750 284 960 362 τείχεος
993 282 1205 347 ἄλλους
1236 282 1510 364 οἷγγέλους
1546 290 1602 347 ἐς
1626 311 1725 350 τας
1757 314 1901 366 συμ-

299 372 526 450 μαχίας.
609 373 662 429 οἶ
697 373 800 447 μὲν
823 371 933 452 γοὶρ
965 370 1234 447 πρότερον
1266 370 1633 447 διεπέμποντο
1671 378 1727 436 ἐς
1760 377 1901 453 πέμ-

299 484 440 518 πτον
498 462 649 535 μῆνα
706 460 1059 535 προερέοντες
1114 459 1501 540 συλλέγεσθαι
1562 464 1616 523 ἐς
1677 460 1899 538 Σάρδις·

300 544 526 609 τούτους
551 546 610 604 δὲ
637 545 907 622 ἐξέπεμπε
931 545 1034 621 τήν
1056 546 1333 625 ταχίστην
1364 546 1589 607 δέεσθαι
1614 549 1899 624 βοηθέειν,

204 636 280 694 82
301 632 372 696 ὥς
397 634 863 711 πολιορκεομένου
895 633 1170 711 Κροίσου.
1240 631 1346 696 Ἐς
1369 659 1432 693 τε
1465 634 1533 710 δή
1567 633 1642 694 ὧν
1669 635 1770 700 τοὶς
1796 636 1899 697 ἅλ-

298 724 406 784 λας
437 723 646 797 ἔπεμπε
676 721 1016 799 συμμαχίας,
1047 721 1139 779 καὶ
1171 721 1240 797 δή
1270 722 1363 780 καὶ
1398 726 1454 785 ἐς
1486 722 1896 800 Λακεδαίμονα.

295 812 448 868 τοῖσι
473 808 533 867 δὲ
558 808 650 866 καὶ
675 808 896 870 αὐτοῖσι
923 808 1100 890 [τοῖσι
1139 808 1549 891 Σπαρτιήτῃσι]
1575 810 1692 870 κατ’
1726 811 1898 873 αὑτὸν

295 900 492 956 τοῦτον
541 895 641 956 τὸν
689 896 894 975 χρόνον
932 896 1349 977 συνεπεπτώκεε
1390 897 1498 974 ἔρις
1544 902 1717 958 ἐοῦσα
1755 900 1897 976 πρός

294 985 595 1064 Ἀργείους,
621 985 748 1061 περὶ
771 984 956 1064 χώρου
982 985 1323 1060 καλεομένου
1348 986 1577 1062 Θυρέης.

372 1072 500 1136 Τοῖς
521 1071 630 1153 γάρ
671 1074 881 1149 Θυρέας
919 1071 1139 1142 ταύτας,
1184 1070 1384 1134 ἐούσας
1422 1076 1525 1148 τῆς
1562 1071 1895 1155 Ἀργολίδος

290 1162 501 1238 μοίρης,
536 1160 950 1237 ἀποταμόμενοι
995 1161 1169 1239 ἔσχον
1211 1162 1266 1218 οῖ
1295 1159 1743 1236 Λακεδαιμόνιοι.
1822 1162 1895 1239 ἦν

291 1247 351 1306 δὲ
377 1250 468 1307 καὶ
491 1248 531 1325 ἦ
556 1249 724 1327 μέχρι
757 1252 1003 1308 Μαλεῶν
1028 1247 1067 1323 ἦ
1099 1246 1243 1325 πρὸς
1276 1248 1519 1324 ἑσπέρην
1543 1246 1826 1329 Ἀργείων,
1850 1251 1891 1327 ἦ

290 1360 353 1394 τε
379 1340 437 1393 ἐν
459 1339 531 1413 τῇ
555 1334 762 1413 ἠπείρῳ
792 1334 948 1413 χώρη
981 1334 1074 1392 καὶ
1105 1332 1145 1409 ἦ
1178 1333 1451 1410 Κυθηρίη,
1478 1332 1572 1393 καὶ
1603 1336 1663 1393 αἱ
1694 1338 1893 1397 λοιπαὶ

287 1426 398 1482 τῶν
421 1423 624 1499 νήσων.
704 1420 1114 1499 βοηθησάντων
1148 1420 1207 1480 δὲ
1240 1419 1507 1502 Ἀργείων
1535 1425 1609 1500 τῇ
1640 1426 1892 1505 σφετέρῃ

289 1508 732 1589 ἀποταμνομένῃ,
763 1511 1000 1570 ἐνθαῦτα
1025 1509 1355 1585 συνέβησαν
1380 1514 1437 1573 ἐς
1460 1508 1667 1591 λόγους
1691 1517 1889 1573 συνελ-

292 1597 495 1669 θόντες,
551 1597 696 1659 ὥστε
753 1598 1106 1675 τριηκοσίους
1174 1598 1440 1676 ἑκατέρων
1503 1600 1887 1678 μαχέσασθαι,

291 1685 540 1764 ὁκότεροι
565 1685 611 1746 δ’
639 1684 708 1745 ἂν
734 1686 1122 1769 περιγένωνται
1148 1682 1357 1746 τούτων
1391 1685 1529 1746 εἶναι
1556 1686 1657 1747 τὸν
1680 1692 1887 1767 χῶρον·

282 1774 350 1835 τὸ
375 1775 438 1834 δὲ
461 1778 681 1854 πλῆθος
703 1778 804 1835 τοῦ
831 1778 1078 1853 στρατοῦ
1112 1772 1600 1834 ἀπαλλάσσεσθαι
1630 1776 1889 1853 ἑκάτερον

286 1867 342 1926 ἐς
363 1863 469 1939 τήν
495 1866 712 1931 ἑωυτοῦ,
732 1862 875 1938 μηδὲ
899 1862 1237 1941 παραμένειν
1263 1861 1691 1944 ἀγωνιζομένων,
1716 1866 1887 1925 τῶνδε

283 1950 504 2022 εἵνεκεν,
527 1952 615 2012 ἵνα
638 1949 718 2028 μή
745 1949 1059 2028 παρεόντων
1082 1954 1193 2010 τῶν
1219 1950 1625 2028 στρατοπέδων,
1652 1950 1886 2029 ὁρῶντες

281 2042 337 2099 οἱ
388 2041 561 2119 ἕτεροι
605 2040 978 2117 ἑσσουμένους
1010 2038 1142 2101 τούς
1170 2040 1494 2117 σφετέρους
1538 2037 1883 2116 ἐπαμύνοιεν.

281 2130 608 2205 συνθέμενοι
655 2128 730 2188 ὧν
779 2132 956 2188 ταῦτα
1001 2126 1471 2188 ἀπαλλάσσοντο·
1540 2127 1777 2209 λογάδες
1822 2129 1885 2190 δὲ

281 2218 548 2292 ἑκατέρων
599 2214 1034 2291 ὑπολειφθέντες
1087 2214 1469 2290 συνέβαλλον·
1551 2212 1883 2295 μαχομένων

281 2301 345 2359 δέ
373 2310 566 2377 σφεων
603 2302 694 2359 καὶ
732 2302 1034 2381 γινομένων
1071 2303 1389 2362 ἰσοπαλέων
1422 2302 1789 2363 ὖπελείποντο
1820 2306 1883 2376 ἐξ

280 2387 490 2465 ἀνδρῶν
523 2389 824 2458 ἑξακοσίων
853 2392 1017 2463 τρεῖς,
1053 2386 1321 2467 Ἀργείων
1354 2391 1459 2465 μὲν
1496 2388 1786 2469 Ἀλκήνωρ
1817 2418 1881 2452 τε

280 2477 372 2535 καὶ
424 2474 690 2554 Χρόμιος,
743 2474 1191 2551 Λακεδαιμονίων
1244 2476 1304 2535 δὲ
1354 2476 1683 2553 Ὀθρυάδης·
1749 2479 1879 2540 ὕπε-

278 2564 604 2640 λείφθησαν
634 2561 694 2621 δὲ
727 2559 882 2622 οὗτοι
913 2560 1108 2624 νυκτὸς
1141 2562 1507 2639 ἐπελθούσης.
1590 2568 1644 2623 οἱ
1674 2567 1777 2640 μὲν
1806 2568 1876 2645 δὴ

278 2649 375 2709 δύο
399 2655 508 2710 τῶν
530 2649 794 2730 Ἀργείων
822 2648 894 2712 ὥς
923 2649 1263 2724 νενικηκότες
1298 2651 1453 2711 ἔθεον
1484 2655 1541 2714 ἐς
1563 2650 1630 2710 τδ
1646 2650 1876 2735 *Αργος*

277 2736 310 2795 ὁ
350 2737 409 2795 δὲ
437 2741 548 2797 τῶν
573 2736 1018 2813 Λακεδαιμονίων
1046 2735 1373 2815 Ὀθρυάδης,
1400 2738 1720 2804 σκυλεύσας
1746 2744 1878 2808 τούς

275 2821 540 2903 Ἀργείων
579 2824 800 2903 νεκρούς
837 2826 930 2883 καὶ
969 2825 1387 2903 προσφορήσας
1419 2827 1494 2888 τὰ
1539 2827 1695 2888 ὅπλα
1732 2830 1876 2908 πρὸς

273 2910 340 2970 τὸ
397 2915 595 2971 ἑωυτοῦ
646 2911 1043 2989 στρατόπεδον,
1087 2918 1147 2975 ἐν
1183 2919 1256 2993 τῇ
1294 2914 1448 2986 τάξει
1488 2917 1606 2996 εἶχε
1652 2918 1867 2989 ἑωυτόν,

271 2996 452 3077 ἡμέρῃ
478 2999 538 3058 δὲ
563 2999 788 3077 δευτέρῃ
812 3004 1076 3076 παρῆσαν
1111 3002 1518 3080 πυνθανόμενοι
1541 3004 1871 3083 ἀμφότεροι.

272 3087 405 3149 τέως
439 3088 544 3161 μὲν
580 3085 648 3162 δη
683 3085 842 3145 αὐτοὶ
874 3087 1118 3163 ἑκάτεροι
1156 3090 1378 3164 ἔφασαν
1404 3096 1577 3163 νικᾶν,
1614 3094 1873 3173 λέγοντες

272 3196 328 3231 οι
367 3179 472 3250 μὲν
503 3174 573 3238 ὥς
605 3176 815 3233 ἑωυτῶν
853 3177 1084 3238 πλεῦνες
1115 3178 1527 3259 περιγεγόνασι,
1560 3182 1615 3239 οἶ
1648 3179 1709 3238 δὲ
1741 3203 1871 3240 τους

276 3258 375 3317 ιιὲν
408 3260 810 3338 ἀποφαίνοντες
843 3259 1195 3341 πεφευγότας
1222 3264 1324 3324 τᾶν
1357 3265 1417 3325 δὲ
1452 3266 1733 3342 σφέτερον
1764 3288 1869 3321 πα-
