2267 3517
325 125 426 178 2⁷2
938 128 1307 180 ἮνοΔοτοτ
1798 129 1923 194 [m

327 208 530 265 ἑωυτοῦ
580 203 811 283 δύναμιν
859 208 1228 286 περιέσεσθαι
1277 212 1380 285 τῆς
1429 209 1725 286 βασιλέος,
1772 210 1928 271 ἀλλὰ

329 291 625 368 φθονήσας
647 355 662 368 ,
676 299 906 370 μᾶλλον
953 296 1283 360 Συλοσῶντι
1336 302 1384 356 εἷ
1435 297 1671 374 ἀπονητὶ
1724 299 1927 376 ἔμελλε

327 379 774 458 ἀπολάμψεσθαι
823 381 1080 460 ἀκέραιον
1128 384 1235 460 τήν
1282 385 1471 446 πόλιν.
1554 387 1811 463 ἐρεθίσας
1854 387 1929 448 ὦν

325 467 457 531 τοῦς
483 471 729 545 Πέρσας,
757 470 916 530 ἔθελε
943 470 1017 535 ὥς
1041 470 1431 533 ἀσθενέστατα
1456 477 1695 550 ποιῆσαι
1718 474 1792 534 τά
1820 475 1926 539 Σά-

326 581 433 633 μια
469 556 776 638 πρήγματα
815 559 908 618 καὶ
947 558 1090 620 οὕτω
1127 561 1508 639 παραδιδόναι,
1545 561 1606 621 εὖ
1639 562 1927 632 ἐξεπιστά-

327 670 493 722 μενος
534 645 605 708 ὦς
633 646 908 711 παθόντες
947 650 1001 707 οἱ
1042 648 1267 724 Πέρσαι
1298 653 1475 713 κακῶς
1508 675 1926 729 προσεμπικρα-

329 732 555 794 νέεσθαι
607 733 848 810 έμελλον
897 739 1053 795 τοῖσι
1105 735 1391 812 Σαμίοισι·
1450 737 1604 801 εἰδώς
1642 763 1704 798 τε
1752 742 1929 818 ἑωυτῷ

327 819 599 897 ἀσφαλέα
639 821 860 884 ἔκδυσιν
889 825 1096 882 ἐοῦσαν
1136 826 1199 881 ἐκ
1236 824 1339 896 τῆς
1376 820 1554 897 νήσου
1592 847 1720 881 τοτε
1760 827 1928 890 ἐπεὰν

326 907 493 972 αύτός
517 909 818 986 βούληται·
861 909 1159 984 ἐπεποίητο
1183 907 1295 989 γάρ
1322 910 1375 967 οἱ
1402 907 1615 986 κρυπτὴ
1644 907 1843 984 διώρυξ
1866 915 1927 968 ἐκ

331 1022 435 1074 της
469 997 807 1076 ἀκροπόλιος
839 997 1097 1072 φέρουσα
1123 997 1217 1056 ἐπὶ
1242 994 1567 1056 θάλασσαν.
1634 994 1801 1058 ‹uh-<3³
1823 997 1927 1072 μὲν

328 1086 397 1162 δή
424 1085 456 1146 6
483 1085 826 1164 Μαιάνδριος
853 1085 1076 1145 ἐκπλέει
1103 1089 1166 1143 ἐκ
1190 1087 1292 1160 τῆς
1320 1083 1531 1160 Σάμου·
1572 1083 1702 1147 τοῦς
1728 1083 1787 1142 δὲ
1813 1089 1925 1143 ἐπι-

334 1174 562 1252 κούρους
585 1173 795 1237 πάντας
821 1172 1066 1236 ὁπλίσας
1091 1170 1124 1232 6
1151 1172 1443 1249 Χαρίλεως
1468 1171 1559 1230 καὶ
1574 1170 1925 1235 ἀναπετάσας

325 1263 427 1326 τάς
465 1262 664 1332 πύλας,
693 1262 854 1338 ἐξῆκε
887 1262 980 1320 ἐπὶ
1019 1259 1153 1324 τούς
1192 1260 1426 1336 Πέρσας
1462 1259 1588 1320 οὔτε
1622 1260 1927 1336 προσδεκο-

327 1350 527 1427 μένους
559 1353 782 1410 τοιοῦτο
823 1347 982 1408 οὐδὲν
1007 1347 1297 1411 δοκέοντάς
1319 1373 1382 1408 τε
1408 1347 1476 1423 δή
1503 1347 1686 1408 πάντα
1712 1351 1925 1425 συμβε-

217 1486 238 1496 ,
331 1436 525 1513 βάναι·
559 1436 894 1513 ἐμπεσόντες
921 1435 980 1494 δὲ
1007 1439 1063 1494 οἱ
1089 1436 1375 1512 ἐπίκουροι
1386 1439 1497 1495 τῶν
1517 1437 1786 1512 Περσέων
1800 1436 1929 1499 τοῦς

327 1523 873 1601 διφροφορευμένους
907 1548 970 1582 τε
1002 1523 1094 1582 καὶ
1125 1523 1303 1604 λόγου
1328 1525 1603 1584 πλείστου
1632 1523 1819 1587 ἐόντας
1846 1524 1925 1582 ἔκ-

328 1637 526 1671 τεινον.
609 1611 701 1670 καὶ
753 1608 907 1671 οὗτοι
958 1613 1062 1688 μὲν
1100 1615 1279 1670 ταῦτα
1326 1612 1544 1671 ἐποίευν
1584 1610 1623 1687 ἦ
1670 1611 1731 1670 δὲ
1774 1611 1929 1688 ἄλλη

327 1697 566 1776 στρατιὴ
607 1698 646 1774 ἦ
689 1698 948 1776 Περσική
1004 1699 1329 1776 ἐπεβοήθεε·
1386 1699 1729 1776 πιεζεύμενοι
1768 1700 1828 1760 δὲ
1874 1703 1929 1759 οἶ

330 1788 626 1865 ἐπίκουροι,
669 1786 853 1847 ὀπίσω
895 1787 1313 1864 κατειλήθησαν
1356 1793 1411 1850 ἐς
1452 1786 1556 1862 τήν
1598 1786 1926 1864 ἀκρόπολιν.

237 1877 348 1937 147
368 1874 606 1952 Ὀτάνης
638 1876 697 1936 δὲ
733 1875 765 1934 6
797 1875 1119 1956 στρατηγὸς
1158 1875 1286 1935 ἰδών
1316 1875 1495 1938 πάθος
1524 1876 1672 1955 μέγα
1700 1876 1929 1953 Πέρσας
1992 1921 1997 1936 .

327 1964 692 2034 πεπονθότας,
721 1963 952 2028 ἐντολάς
986 1989 1050 2024 τε
1079 1963 1181 2027 τάς
1218 1961 1454 2040 Δαρεῖός
1480 1966 1536 2022 οἱ
1560 1962 1929 2024 ἀποστέλλων

330 2053 667 2123 ἐνετέλλετο,
700 2052 843 2129 μήτε
885 2052 1114 2113 κτείνειν
1152 2051 1366 2128 μηδένα
1406 2052 1631 2127 Σαμίων
1660 2051 1803 2127 μήτε
1836 2051 1927 2112 ἀν-

329 2141 760 2218 δραποδίζεσθαι
779 2139 999 2200 ἀπαθέα
1022 2165 1085 2200 τε
1106 2144 1287 2199 κακῶν
1308 2138 1611 2198 ἀποδοῦναι
1633 2139 1737 2214 τήν
1752 2143 1929 2216 νῆσον

329 2230 671 2299 Συλοσῶντι,
711 2229 947 2288 τουτέων
983 2228 1088 2304 μὲν
1126 2230 1239 2287 τῶν
1278 2227 1545 2287 ἐντολέων
1582 2228 1929 2304 μεμνημένος

329 2315 752 2386 ἐπελανθάνετο,
789 2315 822 2374 6
863 2315 923 2377 δὲ
962 2314 1309 2395 παρήγγειλε
1343 2316 1415 2391 τῇ
1457 2319 1714 2393 στρατιῇ,
1746 2314 1930 2375 πάντα

328 2403 428 2464 τόν
454 2402 522 2462 ἂν
548 2402 781 2478 λάβωσι
807 2401 898 2461 καὶ
924 2400 1096 2479 ἄνδρα
1127 2402 1221 2460 καὶ
1249 2401 1425 2460 παῖδα
1450 2399 1655 2476 ὅμοίως
1681 2403 1927 2462 κτείνειν·

329 2492 565 2551 ἐνθαῦτα
587 2494 688 2566 τῆς
714 2493 981 2568 στρατιῆς
1009 2492 1062 2548 οἶ
1085 2491 1191 2566 μὲν
1216 2488 1320 2563 τήν
1340 2488 1649 2566 ἀκρόπολιν
1674 2490 1929 2568 ἐπολιόρ-

335 2603 460 2639 κεον
495 2581 549 2637 οἱ
588 2578 649 2637 δὲ
689 2578 926 2638 ἔκτεινον
961 2575 1147 2637 πάντα
1184 2576 1285 2637 τὸν
1325 2577 1579 2653 ἐμποδῶν
1616 2577 1929 2658 γινόμενον,

239 2668 350 2726 148
368 2666 570 2742 ὁμοίως
610 2667 666 2725 ἔν
695 2691 758 2724 τε
797 2668 894 2744 ἱρῷ
921 2664 1016 2746 καὶ
1039 2664 1140 2734 ἔξω
1168 2667 1307 2742 ἶροΰ·
1350 2663 1693 2743 Μαιάνδριος
1718 2665 1765 2724 δ’
1792 2665 1929 2726 ἀπο-

326 2753 461 2830 δράς
501 2758 562 2813 ἐκ
592 2758 694 2830 τῆς
728 2753 925 2830 Σάμου
956 2754 1180 2813 ἐκπλέει
1206 2759 1262 2816 ἐς
1285 2753 1695 2830 Λακεδαίμονα·
1737 2753 1930 2814 ἀπικό-

330 2867 496 2918 μενος
527 2840 572 2901 δ’
602 2847 658 2905 ἐς
693 2839 866 2916 αύτῆν
902 2840 996 2899 καὶ
1031 2840 1444 2920 ἀνενεικάμενος
1468 2840 1540 2900 τά
1568 2843 1708 2920 ἔχων
1734 2841 1931 2921 ἐξεχῶ·

325 2955 486 3006 ρησε,
525 2929 706 2990 ἐποίεε
746 2927 951 2988 τοιάδε·
1007 2928 1147 2992 ὅκως
1184 2929 1425 3006 ποτήρια
1466 2928 1709 3009 ἀργύρεά
1736 2955 1802 2988 τε
1839 2931 1932 2988 καὶ

327 3017 545 3095 χρύσεα
575 3017 857 3093 προθεῖτο,
886 3018 942 3074 οἶ
975 3017 1080 3091 μὲν
1115 3002 1447 3093 θεράποντες
1482 3015 1653 3075 αὐτοῦ
1681 3017 1930 3093 ἐξέσμων

329 3103 489 3174 αὐτ-ἀ,
522 3105 553 3164 6
587 3104 648 3163 δὲ
675 3101 743 3163 ἂν
778 3102 877 3162 τὸν
907 3101 1112 3180 χρόνον
1152 3107 1351 3163 τοῦτον
1389 3107 1466 3181 τῷ
1508 3105 1817 3178 Κλεομένεϊ
1849 3108 1933 3182 -τῷ

326 3188 756 3268 Ἀναξανδρῶεω
783 3194 842 3248 ἐν
867 3189 1097 3268 λόγοισι
1123 3189 1241 3258 ἐῶν,
1257 3189 1628 3266 βασιλεύοντι
1649 3189 1928 3268 Σπάρτης,

331 3281 552 3362 προῆγέ
590 3304 684 3356 μιν
716 3282 771 3340 ἐς
807 3276 880 3336 τοὶ
923 3278 1088 3336 οἰκία·
1129 3276 1267 3340 ὅκως
1306 3278 1367 3336 δὲ
1404 3276 1579 3336 ἰ’δοιτο
1605 3279 1933 3354 Κλεομένης
