2267 3517
292 109 387 156 350
928 98 1294 148 ἮΡΟΔΟΤΟΤ
1737 129 1746 139 ,
1771 99 1896 164 [IV.

290 211 382 249 τες
408 183 588 247 ἐόντες
616 180 987 260 καρποφόροι·
1019 177 1148 241 τοῦς
1175 178 1234 236 δὲ
1254 177 1597 252 ἀττελέβους
1617 177 1784 237 ἐπεὰν
1805 179 1900 254 θη-

291 272 555 350 ρεύσωσι,
594 270 889 348 αὐήναντες
924 268 1066 344 πρὸς
1101 266 1202 326 τὸν
1229 265 1391 341 ἥλιον
1419 266 1778 337 καταλέουσι,
1808 269 1902 332 καὶ

294 360 483 418 ἔπειτα
511 359 602 418 ἐπὶ
628 358 781 438 γάλα
820 356 1232 418 ἐπιπάσσοντες
1263 353 1510 415 πίνουσι·
1549 359 1816 433 γυναῖκας
1841 357 1902 416 δὲ

293 448 605 523 νομίζοντες
644 444 867 506 πολλσῖς
907 445 1052 522 ἔχειν
1093 444 1345 512 ἕκαστος,
1383 444 1658 502 ἐπίκοινον
1693 442 1908 510 αὕτέωις

292 533 395 609 τὴν
448 533 601 609 μίξιν
659 536 943 591 ποιεῦνται
1001 530 1190 610 τρόπῳ
1242 531 1624 608 παραπλησίῳ
1675 534 1753 608 τῷ
1805 533 1900 598 καὶ

292 621 695 700 Μασσαγέται·
726 619 893 679 ἐπεὰν
912 619 1168 678 σκίπωνα
1186 617 1638 695 προστήσωνται,
1663 619 1898 698 μίσγον.

294 732 407 767 ται·
447 711 668 784 πρῶτον
695 707 763 782 δή
790 707 1097 788 γαμέοντος
1116 711 1475 782 Νασαμῶνος
1495 705 1706 781 ἀνδρὸς,
1728 705 1902 782 νόμος

294 795 418 854 ἐστὶ
442 794 546 870 τὴν
575 795 802 873 νύμφην
828 794 983 854 νυκτὶ
1007 798 1079 872 τῇ
1104 793 1298 871 πρώτῃ
1319 793 1410 852 διδ.
1435 793 1656 852 πάντων
1691 793 1898 862 διεξελ-

294 883 411 942 θεῖν
437 887 547 942 τῶν
574 882 914 959 δαιτυμόνων
939 882 1308 962 μισγομένην·
1339 883 1451 940 τῶν
1477 880 1537 938 δὲ
1565 879 1636 944 ὥς
1662 881 1898 946 ἔκαστός

296 973 349 1028 οἱ
374 971 571 1050 μιχθῇ,
602 970 744 1029 διδοῖ
768 970 944 1046 δῶρον
968 968 1034 1028 τὸ
1064 967 1133 1030 ἂν
1161 969 1261 1048 ἔχῃ
1297 967 1606 1045 φερόμενος
1633 969 1696 1037 ἐξ
1721 970 1894 1028 οἴκου·

292 1056 537 1134 ὁρκίοισι
572 1057 631 1116 δὲ
668 1057 761 1116 καὶ
796 1060 1033 1133 μαντικῇ
1069 1056 1339 1134 χρέωνται
1374 1055 1581 1133 τοιῇδε·
1625 1054 1895 1132 ὀμνύουσι

290 1147 394 1221 μὲν
424 1144 553 1208 τούς
587 1144 741 1222 παρὰ
774 1143 950 1220 σφίσι
986 1143 1188 1221 ἄνδρας
1212 1142 1590 1206 δικαιοτάτους
1615 1143 1708 1201 καὶ
1733 1143 1891 1220 άρίσ-

289 1229 419 1296 τους
444 1234 783 1314 λεγομένους
805 1231 1085 1314 γενέσθαι,
1113 1231 1357 1300 τούτους,
1383 1233 1496 1290 τῶν
1529 1230 1762 1307 τύμβων
1787 1231 1891 1291 άπ-

289 1320 532 1396 τόμενοι·
574 1319 939 1397 μαντεύονται
964 1318 1025 1377 δὲ
1053 1319 1144 1378 ἐπὶ
1174 1322 1286 1378 τῶν
1317 1317 1606 1398 προγόνων
1643 1319 1895 1402 φριτέον-

293 1433 383 1469 τες
406 1408 478 1468 τοὶ
504 1408 753 1484 σήματα,
776 1407 869 1466 καὶ
896 1406 1288 1482 κατευξάμενοι
1313 1406 1891 1483 ἐπικατακοιμέωνται·

290 1494 357 1554 τὸ
384 1495 431 1554 δ’
458 1494 526 1562 ἂν
551 1496 641 1575 ἴδῃ
668 1501 727 1555 ἐν
750 1500 822 1574 τῇ
848 1494 976 1573 ὄψει
998 1494 1268 1566 ἐνύπνιον,
1293 1495 1469 1574 τούτῳ
1494 1499 1718 1574 χρᾶται·
1759 1498 1890 1556 πίσ-

288 1608 409 1641 τισι
434 1583 493 1641 δὲ
518 1583 769 1661 τοιῃσίὸε
804 1584 1091 1660 χρέωνται·
1134 1586 1196 1640 ἐκ
1220 1586 1322 1658 τῆς
1346 1583 1532 1661 χειρός
1559 1583 1702 1642 διδοῖ
1724 1588 1888 1655 πιεῖν,

290 1671 383 1728 καὶ
414 1669 581 1733 αὖτός
614 1674 673 1728 ἐκ
705 1672 807 1745 τῆς
841 1673 941 1728 τοῦ
976 1669 1164 1746 ἑτέρου
1199 1671 1364 1729 πίνει·
1411 1667 1482 1745 ἢν
1512 1669 1573 1728 δὲ
1602 1669 1682 1745 μή
1717 1671 1890 1748 ἔχωσι

286 1756 459 1837 ὑγρὰν
498 1758 687 1835 μηδὲν,
730 1760 784 1817 οἱ
824 1756 883 1816 δὲ
920 1761 1022 1832 τῆς
1060 1756 1316 1836 χαμάθεν
1356 1757 1578 1816 σποδοῦ
1612 1758 1890 1834 λαβόντες

289 1846 569 1925 λείχουσι.

194 1934 309 1991 173
395 1939 723 2013 Νασαμῶσι
759 1935 819 1994 δὲ
852 1933 1246 2012 προσόμουροί
1262 1936 1384 1995 ,εἶσι
1409 1933 1650 1993 Ψύλλοι.
1733 1931 1888 1994 οὗτοι

288 2020 688 2090 ἐξαπολώλασι
739 2021 928 2101 τρόπῳ
974 2021 1184 2099 τοιῷδε·
1247 2020 1281 2080 ὅ
1333 2020 1492 2084 νότος
1545 2027 1658 2096 σφι
1709 2022 1887 2082 πνέων

286 2108 486 2187 ἄνεμος
524 2110 595 2170 τοὶ
638 2111 842 2188 ἔλυτρα
880 2114 993 2170 τῶν
1024 2108 1238 2168 ὑδάτων
1273 2107 1519 2186 ἐξηύηνε·
1565 2107 1604 2184 ἦ
1641 2109 1700 2168 δὲ
1729 2109 1886 2188 χώρη

287 2203 401 2274 σφι
436 2203 599 2257 πᾶσα
636 2196 789 2260 ἐντός
825 2201 999 2256 ἐοῦσα
1032 2199 1136 2271 τῆς
1171 2195 1420 2273 Σύρτιος,
1447 2194 1518 2270 ἤν
1543 2196 1790 2274 ἄνυδρος·
1831 2200 1886 2256 οἱ

286 2284 361 2354 δὲ,
388 2282 855 2361 βουλευσάμενοι,
884 2287 1045 2363 κοινῷ
1069 2283 1221 2364 λόγῳ
1247 2283 1644 2360 ἐστρατεύοντο
1671 2284 1762 2344 ἐπὶ
1785 2283 1886 2345 τόν

284 2371 472 2432 νότον·
514 2371 687 2453 (λέγω
712 2372 773 2431 δὲ
797 2376 975 2431 ταῦτα
998 2371 1071 2432 ταῖ
1096 2373 1336 2452 λέγουσι
1360 2372 1615 2452 Αίβυες·)
1651 2373 1743 2431 καὶ
1763 2374 1891 2431 ἐπεί

284 2485 347 2518 τε
374 2459 619 2540 ἐγίνοντο
648 2463 707 2519 ἐν
730 2463 803 2538 τῇ
828 2459 1057 2538 ψάμμῳ,
1078 2458 1324 2522 πνεύσας
1351 2459 1383 2520 ὅ
1411 2458 1572 2522 νότος
1597 2460 1888 2538 κατέχωσέ

284 2552 486 2623 σφεας·
530 2545 952 2622 ἐξαπολομένων
988 2547 1048 2606 δὲ
1083 2545 1305 2617 τούτων,
1332 2547 1528 2625 ἔχουσι
1541 2546 1664 2620 ’τήν
1697 2547 1886 2625 χώρην

191 2635 305 2694 174
326 2637 378 2693 οἳ
413 2637 781 2713 Νασαμῶνες.
862 2633 1083 2694 Τούτων
1118 2633 1181 2693 δὲ
1216 2633 1522 2711 κατύπερθε
1553 2633 1696 2710 πρὸς
1719 2633 1886 2694 νότον

280 2719 500 2798 ἄνεμον,
555 2725 613 2780 ἐν
662 2724 735 2799 τῇ
789 2720 1043 2798 θηριώδεϊ
1092 2721 1339 2783 οἰκέουσι
1384 2720 1759 2800 Γαράμαντες·
1827 2721 1884 2781 οἲ

283 2805 467 2868 πάντα
502 2806 793 2885 ἄνθρωπον
829 2807 1108 2890 φεύγουσι
1134 2809 1228 2868 καὶ
1261 2808 1469 2872 παντός
1495 2808 1744 2885 ὁμιλίην·
1787 2809 1884 2867 καὶ

284 2894 411 2954 οὔτε
456 2893 639 2956 ὅπλον
682 2897 935 2955 ἐκτέαται
970 2896 1167 2972 ἀρήϊον
1202 2895 1360 2956 οὐδὲν
1402 2895 1527 2956 οὔτε
1569 2896 1884 2974 ἀμύνεσθαι

184 2982 300 3040 1’75
322 2983 663 3042 ἐπιστέαται.
769 2980 944 3042 Οὗτοι
994 2984 1099 3058 μὲν
1151 2983 1218 3058 δή
1273 2977 1584 3061 κατύπερθε
1637 2984 1884 3042 οἰκέουσι

282 3068 670 3149 Νασαμώνων·
710 3068 778 3130 τὸ
816 3068 875 3128 δὲ
909 3068 1063 3145 παρὰ
1096 3069 1200 3144 τὴν
1237 3067 1538 3150 θάλασσαν
1565 3069 1787 3149 ἔχονται
1810 3068 1882 3129 τὸ

277 3155 419 3227 πρὸς
471 3157 712 3232 ἑσπέρης
750 3154 965 3214 Μάκαι·
1008 3153 1062 3212 οἳ
1099 3154 1317 3229 λόφους
1356 3156 1644 3232 κείρονται,
1679 3156 1746 3217 vd
1775 3157 1884 3232 μὲν

278 3238 461 3308 μέσον
484 3244 595 3300 τῶν
617 3246 831 3306 τοιγῶν
864 3240 1103 3301 ἀνιέντες
1128 3238 1399 3305 αὔξεσθαι
1421 3240 1494 3299 τοὶ
1521 3241 1580 3297 δὲ
1607 3243 1761 3301 ἔνθεν
1789 3242 1882 3296 καὶ
