2267 3517
322 119 417 168 342
930 115 1300 165 ἭΡοΔοΤοτ
1801 111 1934 177 [IV.

326 197 451 259 ἐπεί
468 223 532 258 τε
555 197 657 257 τὸν
683 196 985 272 Κορώβιον
1011 193 1273 256 λιπόντες
1299 198 1358 253 ἐν
1381 195 1454 271 τῇ
1481 193 1635 271 νήσῳ
1662 190 1938 252 ἀπίκοντο

320 291 379 349 ἐς
418 283 522 360 τὴν
568 283 779 361 Θήρην,
822 282 1152 364 ἆπήγγελον
1195 281 1268 344 ὥς
1307 287 1420 358 σφι
1475 281 1559 355 εἴη
1610 283 1785 354 νῆσος
1837 281 1938 340 ἐπὶ

322 372 513 449 Λιβύῃ
555 370 872 446 ἐκτισμένη.
942 370 1245 448 Θηραίοισι
1285 370 1346 429 δὲ
1388 368 1512 426 ἕαδε
1551 366 1832 442 ἀδελφεόν
1867 394 1938 428 τε

320 459 415 519 εἶπ’
452 459 735 533 ἀδελφεοῦ
772 459 1012 535 πέμπειν
1046 458 1214 537 πάλῳ
1255 456 1525 537 λαχόντα,
1555 456 1648 514 καὶ
1682 454 1795 514 οἶπό
1820 460 1938 516 τῶν

320 547 515 627 χώρων
543 544 803 606 ἇπάντων
829 546 969 606 ἐπτσῖ
998 545 1198 606 ἐόντων
1223 543 1444 622 ἄνδρας·
1487 543 1625 602 εἶναι
1649 542 1714 601 δέ
1737 549 1938 619 σφεων

322 635 414 693 καὶ
454 631 705 714 ἡγεμόνα
748 634 841 692 καὶ
880 635 1137 711 βασιλέα
1178 633 1418 693 Βάττον.
1487 630 1629 690 οὕτω
1665 630 1734 706 δή
1763 633 1936 691 στέλ-

325 725 495 781 λουσι
523 720 621 780 δύο
648 723 1115 799 πεντηκοντέρους
1143 726 1200 785 ἐς
1222 721 1328 797 τήν
1355 720 1642 779 Πλατέαν.

230 811 345 870 154
431 812 621 868 Ταῦτα
662 808 723 867 δὲ
764 813 999 887 Θηραῖοι
1038 809 1295 890 λέγουσι·
1337 807 1409 868 ταῖ
1441 806 1487 866 δ’
1525 808 1794 865 ἐπίλοιπα
1829 811 1939 866 τοῦ

322 896 518 977 λόγου,
548 898 936 974 συμφέρονται
961 897 1067 974 ἤδη
1094 901 1331 976 Θηραῖοι
1357 896 1748 971 Κυρηναίοισι.
1816 900 1934 953 Κυ-

320 989 539 1062 ρηναῖοι
577 1011 689 1066 γαρ
725 1012 797 1045 τα
840 987 969 1064 περὶ
1005 985 1227 1068 Βάττον
1261 984 1514 1061 οὐδαμῶς
1547 981 1936 1061 ,ὁμολογέουσι

324 1073 642 1149 Θηραίοισι·
705 1073 945 1154 λέγουσι
994 1099 1105 1155 γαρ
1162 1072 1323 1132 οὕτω·
1387 1072 1509 1130 ἔστι
1561 1073 1663 1145 τῆς
1705 1069 1936 1145 Κρήτης

321 1159 489 1230 Ἀξός
528 1157 696 1225 πόλις
738 1165 796 1220 ἐν
831 1165 903 1239 τῇ
947 1163 1164 1242 ἐγένετο
1198 1159 1501 1237 Ἐτέαρχος
1528 1155 1936 1233 βασιλευς·ος

324 1248 417 1307 ἐπὶ
467 1248 699 1328 θυγατρὶ
742 1247 1001 1326 ἀμήτορι,
1050 1254 1123 1327 τῇ
1167 1247 1382 1325 οὔνομα
1421 1246 1492 1322 ἦν
1531 1245 1800 1323 Φρονίμη,
1841 1246 1936 1304 ἐπὶ

322 1334 496 1413 ταύτῃ
535 1336 705 1415 ἔγημε
746 1335 933 1412 ἄλλην
958 1342 1214 1419 γυναῖκα·
1254 1336 1292 1413 ἦ
1321 1336 1380 1394 δὲ
1408 1334 1800 1393 ἐπεσελθοῦσα
1829 1333 1934 1392 ἐδι-

324 1423 476 1481 καίευ
519 1422 659 1482 εἶναι
696 1424 789 1482 καὶ
824 1430 900 1504 τῷ
943 1425 1082 1506 ἔργῳ
1118 1423 1358 1501 μητρυιὴ
1389 1426 1463 1500 τῇ
1497 1422 1764 1498 Φρονίμῃ,
1790 1446 1934 1497 παρ-

326 1508 538 1588 έχουσά
576 1535 639 1568 τε
674 1511 819 1569 κακοὶ
858 1512 949 1570 καὶ
988 1516 1101 1571 πᾶν
1129 1511 1212 1571 ἐπ’
1240 1511 1380 1589 αὐτῇ
1405 1508 1797 1588 μηχανωμένη·
1840 1507 1936 1567 καὶ

319 1597 501 1665 τέλος,
542 1597 917 1674 μαχλοσύνην
958 1599 1290 1658 ἐπενείκασα
1329 1601 1382 1656 οἱ
1416 1597 1598 1657 πείθει
1635 1594 1734 1655 τᾶν
1761 1594 1934 1670 ἄνδρα

322 1687 430 1742 ταῦ
432 1709 505 1742 τα
542 1683 689 1762 ἔχειν
722 1684 882 1743 οὕτω·
924 1684 956 1745 ὅ
990 1686 1049 1744 δὲ
1083 1684 1460 1766 ἀναγνωσθεὶς
1487 1678 1596 1744 ὖπό
1621 1687 1724 1758 τῆς
1745 1708 1935 1762 γυναι-

328 1769 425 1833 κὸς
462 1771 625 1851 ἔργον
652 1769 753 1830 οὐκ
786 1772 949 1833 ὅσιον
976 1775 1297 1851 ἐμηχανᾶτο
1325 1773 1418 1831 ἐπὶ
1443 1778 1516 1850 τῇ
1545 1770 1794 1850 θυγατρί.
1861 1768 1936 1846 ἦν

323 1857 434 1939 γὰρ
472 1858 541 1936 δὴ
580 1859 841 1937 Θεμίσων
872 1860 1014 1939 α’νῆρ
1046 1863 1291 1938 Θηραῖος
1323 1859 1563 1937 ἔμπορος
1589 1862 1648 1917 ἐν
1671 1861 1742 1935 τῇ
1767 1856 1934 1936 Ἀξῷ·

326 1950 529 2008 τοῦτον
561 1948 593 2008 ὅ
632 1948 935 2030 Ἐτέαρχος
970 1948 1328 2028 παραλαβών
1364 1948 1457 2008 ἐπὶ
1491 1948 1663 2018 ξείνια
1697 1947 1932 2024 ἐξορκοῖ,

324 2033 363 2111 ἦ
395 2035 509 2113 μήν
542 2039 595 2095 οἶ
628 2037 982 2114 διηκονήσειν
1014 2037 1045 2098 ὅ
1077 2064 1134 2098 τι
1171 2035 1240 2098 ἂν
1273 2037 1464 2113 δεηθῇ·
1507 2037 1630 2095 ἐπεί
1655 2061 1716 2094 τε
1753 2035 1814 2094 δὲ
1848 2037 1934 2105 ἐξ-

331 2123 565 2200 όρκωσε,
600 2124 825 2206 οἷγαγῶν
858 2129 911 2184 οἱ
949 2127 1248 2203 παραδιδοῖ
1285 2125 1388 2200 τὴν
1421 2128 1625 2183 ἑωυτοῦ
1656 2125 1935 2205 θυγατέρα

326 2212 421 2270 καὶ
447 2211 654 2288 ταύτην
683 2215 902 2273 ἐκέλευε
928 2217 1358 2274 καταποντῶσαι
1385 2211 1772 2292 ἀπαγαγόντα·
1815 2211 1847 2271 ὁ
1876 2212 1936 2270 δὲ

326 2301 587 2374 Θεμίσων
633 2302 1084 2378 περιημεκτήσας
1134 2305 1208 2380 τῇ
1261 2299 1448 2378 ἀπάτῃ
1490 2303 1590 2359 τοῦ
1634 2298 1802 2375 ὅρκου
1842 2299 1936 2357 καὶ

327 2387 741 2464 διαλυσάμενος
764 2389 867 2465 τήν
895 2391 1115 2466 ξεινίην,
1145 2390 1325 2448 ἐποίεε
1348 2387 1552 2448 τοιάδε·
1580 2385 1936 2464 παραλαβῶν

324 2498 428 2548 την
467 2475 643 2532 παῖδα
684 2475 952 2536 οἷπέπλεε·
996 2477 1067 2540 ὦς
1108 2477 1168 2535 δὲ
1207 2475 1426 2556 ἐγένετο
1467 2479 1526 2534 ἐν
1564 2478 1642 2552 τῶ
1679 2473 1935 2553 πελάγεϊ,

328 2560 735 2640 ἅποσιευμενος
766 2564 873 2640 τὴν
910 2564 1212 2642 ἐξόρκωσιν
1242 2567 1344 2623 τοῦ
1380 2561 1688 2641 Ἐτεάρχου
1721 2559 1938 2638 σχοινί-

326 2674 445 2708 οισι
480 2649 657 2725 αὐτὴν
683 2651 955 2727 διαδήσας
982 2654 1187 2725 κατ-ἧκε
1215 2653 1270 2712 ἐς
1293 2675 1358 2709 το
1385 2648 1652 2730 πέλαγος,
1680 2645 1937 2707 οἶνασπά-

231 2739 346 2796 155
370 2762 477 2800 σας
520 2737 579 2796 δὲ
622 2737 853 2798 ἀπίκετο
896 2743 951 2802 ἐς
989 2738 1093 2814 τὴν
1141 2737 1350 2815 Θήρην.
1414 2736 1707 2797 Ἐνθεῦτεν
1744 2735 1804 2793 δὲ
1832 2759 1938 2809 την

323 2825 617 2900 Φρονίμην
653 2826 1008 2904 παραλαβών
1050 2825 1484 2902 Πολύμνηστος,
1529 2822 1632 2883 ἐῶν
1671 2826 1782 2882 τῶν
1825 2827 1938 2896 Θη-

294 2912 495 2986 .ραίων
530 2911 670 2990 οἷνήρ
706 2914 948 2991 δόκιμος,
987 2912 1421 2971 ἐπαλλακεύετο·
1462 2910 1668 2988 χρόνου
1697 2909 1758 2967 δὲ
1783 2933 1936 2984 περι-

322 2996 506 3060 ϊόντος
533 2999 811 3081 ἐξεγένετό
840 3003 893 3059 οἱ
919 2999 1049 3062 πάϊς
1078 2999 1430 3076 ἰσχνόφωνος
1457 2997 1548 3054 καὶ
1573 2995 1832 3072 τραυλὸς,
1858 2998 1938 3072 Τῷ

326 3083 537 3160 οὔνομα
578 3089 738 3163 ἐτέθη
775 3087 1007 3155 Βάττος,
1040 3085 1113 3148 ὦς
1143 3084 1382 3161 Θηραῖοί
1407 3109 1470 3143 τε
1508 3083 1600 3140 καὶ
1626 3085 1937 3158 Κυρηναῖοι

325 3169 580 3246 λέγουσι·
624 3173 695 3236 ὥς
733 3176 925 3252 μέντοι
961 3171 1068 3253 ἐγώ
1102 3172 1290 3241 δοκέω,
1329 3170 1478 3229 ἄλλο
1511 3195 1584 3239 τι,
1623 3169 1840 3230 Βάττος
1877 3167 1940 3226 δὲ

326 3258 740 3337 μετωνομάσθη
768 3262 891 3320 ἐπεί
910 3286 974 3320 τε
1002 3263 1058 3322 ἐς
1081 3258 1308 3334 Λιβύην
1332 3256 1578 3323 ἀπίκετο,
1605 3253 1721 3314 ἀπό
1745 3279 1808 3313 τε
1832 3257 1936 3314 τοῦ
