2267 3517
312 117 406 164 356
926 114 1291 164 ἮΡοΔοῑιὉτ
1791 113 1915 177 [Ν

311 194 516 273 χρόνον
548 176 851 302 καταρρέον
882 195 1116 275 φλέγμα
1153 199 1214 252 ἐκ
1250 196 1351 268 τῆς
1376 195 1634 268 κεφαλῆς
1659 192 1918 270 δηλῆται.

310 283 404 341 καὶ
431 281 521 341 δια
548 281 714 341 τοῦτό
740 287 925 357 σφεας
945 282 1184 362 λέγουσι
1205 279 1394 341 εἶναιε
1361 280 1778 362 υγιηροτάτους·
1807 283 1919 342 εἰσὶ

308 397 421 452 γαρ
456 369 526 433 οἷς
558 369 807 445 ἀληθέως
842 372 898 428 οἱ
928 371 1140 445 Λίβυες
1175 367 1479 446 ἀνθρώπων
1509 367 1732 430 πάντων
1763 397 1918 450 υγιη-

310 457 556 536 ρότατοι,
582 461 693 517 τῶν
718 456 879 534 ἡμεῖς
913 457 1089 533 ἴδμεν·
1132 460 1180 517 εἰ
1205 458 1310 534 μὲν
1335 455 1428 516 διὰ
1462 460 1649 526 τοῦτο,
1679 455 1780 515 οὐκ
1809 458 1920 536 ἔχω

312 544 579 622 ἀτρεκέως
606 543 773 615 εἶπαι,
798 544 1156 626 ύγιηρότατοι
1182 543 1229 604 δ’
1257 542 1332 604 ὦν
1357 543 1489 604 εἰσί·
1519 542 1590 620 ἢν
1609 544 1670 603 δὲ
1695 546 1919 606 καίουσι

310 633 383 694 τά
413 634 609 693 παιδία
649 633 923 711 σπασμός
950 634 1284 715 ἐπιγένηται,
1311 632 1602 710 ἐξεύρηταί
1623 638 1738 708 σφι
1763 632 1917 698 ἄκος·

310 719 523 802 τράγου
555 720 723 800 οὖρον
752 723 1089 784 σπείσαντες
1113 722 1344 797 ῥύονταί
1364 726 1542 796 σφεα·
1582 722 1732 801 λέγω
1757 721 1818 780 δὲ
1842 721 1917 781 τιί

222 812 335 869 188
350 811 589 891 λέγουσι
614 809 774 872 αὐτοὶ
797 811 1027 887 Λίβυες.
1086 810 1294 869 Θυσίαι
1319 809 1380 870 δὲ
1402 808 1556 870 τοῖσι
1581 809 1789 886 νομάσι
1805 811 1918 870 εἰσὶ

310 897 450 958 αἵδε·
492 899 660 961 ε’πεάν
683 904 785 960 τοῦ
817 897 957 962 ὦτός
987 897 1340 975 ἀπάρξωνται
1369 902 1474 958 τοῦ
1513 898 1752 974 κτήνεος,
1790 901 1916 975 ῥιπ-

308 987 503 1049 τέουσι
546 988 685 1066 ὖπέρ
731 988 831 1049 τόν
874 987 1065 1063 δόμον·
1112 991 1283 1047 τοῦτο
1311 986 1370 1045 δὲ
1395 986 1747 1062 ποιήσαντες,
1774 986 1915 1047 ἀπο-

310 1077 629 1153 στρέφουσι
667 1075 767 1137 τόν
802 1074 1012 1154 αὖχένα
1049 1073 1241 1134 αὐτοῦ.
1311 1073 1510 1134 θύουσι
1547 1075 1608 1132 δὲ
1642 1074 1783 1154 ἡλίῳ
1820 1076 1913 1134 καὶ

313 1163 529 1243 σελήνῃ
557 1164 838 1242 μούνοισι.
902 1161 1157 1222 τούτοισι
1191 1162 1296 1240 μέν
1329 1188 1427 1222 νυν
1459 1161 1662 1225 πάντες
1701 1164 1914 1238 Λίβυες

312 1249 531 1311 θύουσι·
570 1252 713 1330 ἀτοὶρ
740 1255 794 1312 οἳ
818 1251 947 1329 περὶ
971 1249 1076 1326 τήν
1102 1249 1405 1326 Τριτωνίδα
1427 1251 1634 1327 λίμνην
1659 1251 1914 1327 νέμοντες

312 1342 383 1417 τῇ
421 1338 691 1419 Ἀθηναίῃ
722 1339 998 1417 μάλιστα,
1033 1336 1180 1416 μετά
1213 1338 1288 1407 δὲ,
1325 1341 1402 1416 τῷ
1442 1339 1674 1415 Τρίτωνι
1711 1340 1802 1398 καὶ
1835 1344 1913 1420 τῷ

222 1429 335 1484 189
355 1428 714 1488 Ποσειδέωνι.
780 1427 899 1502 Τήν
938 1427 998 1486 δὲ
1036 1425 1150 1503 ἄρα
1179 1426 1394 1501 ἐσθῆτα
1427 1425 1520 1484 καὶ
1557 1425 1658 1488 τάς
1697 1427 1912 1507 αἰγίδας

310 1517 421 1572 τῶν
458 1514 799 1596 ἀγαλμάτων
835 1517 938 1589 τῆς
975 1512 1276 1590 Ἀθηναίης
1319 1518 1380 1572 ἐκ
1419 1516 1531 1574 τῶν
1567 1515 1912 1591 Λιβυσσέων

313 1600 651 1676 ἐποιήσαπο
684 1604 737 1660 οἱ
758 1599 1059 1676 Ἕλληνες·
1096 1601 1253 1676 πλήν
1277 1600 1388 1682 γάρ
1419 1599 1457 1676 ἢ
1489 1599 1576 1662 ὅτι
1607 1603 1840 1678 σκυτίνη
1869 1606 1911 1680 η’

311 1688 483 1764 ἐσθής
505 1691 615 1749 τῶν
640 1689 985 1766 Λιβυσσέων
1012 1687 1152 1759 ἔστί,
1175 1689 1268 1748 καὶ
1295 1691 1349 1748 οἱ
1376 1687 1612 1749 θύσανοι
1637 1693 1692 1750 οἶ
1718 1695 1778 1751 ἐκ
1801 1695 1912 1752 τῶν

311 1777 534 1857 αἰγίδων
570 1775 775 1856 αὐτ-ᾗσι
817 1775 915 1836 οὐκ
957 1774 1117 1852 ὅφιές
1151 1780 1278 1848 εἰσι,
1311 1776 1466 1836 ἀλλὰ
1502 1777 1797 1855 ἱμάντινοι·
1835 1779 1910 1840 τοὶ

310 1865 370 1924 δὲ
404 1864 558 1925 ἅλλα
588 1865 771 1926 πάντα
799 1864 940 1925 κατά
966 1863 1144 1925 τῶικό
1177 1865 1468 1926 ἔσταλται·
1510 1866 1603 1925 καὶ
1630 1865 1697 1942 δή
1727 1867 1818 1926 καὶ
1841 1868 1909 1928 τὸ

316 1951 526 2030 οὔνομα
549 1947 899 2034 κατῆγορέει,
912 1953 1003 2014 ὅτι
1038 1957 1100 2012 έκ
1130 1951 1354 2030 Λιβύης
1377 1952 1500 2029 ἥκει
1523 1952 1562 2030 ἦ
1589 1954 1775 2031 στολὴ
1799 1959 1910 2016 τῶν

310 2043 671 2102 Παλλαδίων·
714 2042 902 2124 αἰγέας
936 2041 1047 2121 γὰρ
1086 2040 1538 2119 περιβάλλονται
1577 2043 1750 2121 ψιλὰς
1782 2045 1910 2122 περὶ

305 2127 411 2204 τὴν
464 2131 678 2205 ε’σθῆτα
730 2129 1053 2190 θυσανωτάς
1102 2132 1163 2188 αἱ
1213 2128 1530 2204 Λίβυσσαι,
1585 2133 1911 2210 κεχριμένας

310 2217 658 2296 ἐρευθεδάνῳ·
712 2221 773 2276 ἐκ
819 2216 881 2276 δὲ
924 2219 1037 2276 τῶν
1076 2217 1276 2296 αἰγέων
1318 2217 1555 2278 τουτέων
1601 2219 1816 2300 αἰγίδας
1855 2224 1911 2280 οἱ

297 2303 579 2380 Ἕλληνες
602 2303 1029 2382 μετωνόμασαν·
1071 2303 1248 2363 δοκέει
1273 2303 1318 2364 δ’
1347 2305 1477 2382 ε’μοί
1502 2332 1570 2387 γε
1597 2308 1690 2365 καὶ
1715 2306 1753 2382 ἦ
1779 2307 1911 2368 ὄλο-

308 2390 455 2471 λυγή
484 2395 541 2449 ἐν
569 2394 744 2468 ἱροῖσι
770 2393 1009 2453 ἐνθαῦτα
1032 2396 1256 2470 πρῶτον
1279 2393 1564 2474 γενέσθαι·
1591 2394 1774 2473 κάρτα
1798 2396 1910 2477 γάρ

306 2478 480 2558 ταύτῃ
520 2480 789 2559 χρέωνται
826 2483 885 2539 αἱ
920 2480 1238 2556 Λίβυσσαι,
1268 2481 1360 2540 καὶ
1395 2481 1666 2560 χρέωνται
1705 2487 1909 2548 καλῶς.

307 2567 398 2625 καὶ
430 2567 708 2645 τέσσερας
749 2568 953 2632 ἵππους
990 2569 1356 2650 συζευγνύναι
1393 2570 1547 2648 παροῖ
1585 2569 1820 2647 Λιβύων
1857 2575 1911 2631 οἱ

214 2660 239 2712 l
252 2655 617 2731 9Ο’Έλληνες
647 2655 1031 2734 μεμαθήκασι.
1100 2657 1396 2718 Θάπτουσι
1421 2659 1480 2716 δὲ
1506 2658 1636 2722 τούς
1667 2658 1909 2736 ἀποθνή-

306 2769 544 2808 σκοντας
564 2747 619 2805 οἱ
638 2743 871 2823 νομάδες
890 2744 1138 2824 κατάπερ
1161 2749 1215 2806 οἰ
1227 2745 1526 2822 Ἕλληνες,
1542 2746 1696 2822 πλὴν
1712 2753 1909 2806 Νασα-

304 2830 517 2908 μώνων·
568 2832 723 2894 οὗτοι
756 2833 817 2893 δὲ
857 2836 1197 2912 κατημένους
1236 2833 1534 2904 θάπτουσι,
1579 2833 1910 2911 φυλάσσον-

302 2945 409 2990 τες,
455 2920 621 2982 έπεάν
662 2921 801 3002 ἀπίῃ
852 2922 957 2998 τήν
1009 2921 1213 3002 ψυχὴν,
1261 2920 1400 2984 ὅκως
1449 2948 1548 2999 μιν
1594 2923 1908 2993 κατίσουσι,

304 3009 444 3082 μηδὲ
462 3008 657 3074 ὕπτιος
680 3009 1067 3070 ἀποθανέεται.
1132 3009 1406 3085 οἰκήματα
1433 3009 1494 3068 δὲ
1519 3009 1838 3120 σύμπηκτα
1852 3011 1913 3079 ἐξ

304 3093 600 3170 ἀνθερίκων
636 3099 931 3175 ε’νερμένων
960 3097 1090 3172 περὶ
1126 3097 1390 3175 σχοίνους
1421 3097 1562 3166 ἐστὶ,
1601 3097 1694 3155 καὶ
1732 3101 1910 3156 ταῦτα

304 3185 674 3272 περιφορητά·
719 3185 942 3261 νόμοισι
966 3185 1071 3259 μὲν
1096 3183 1404 3242 τοιούτοισι
1437 3182 1590 3242 οὗτοι
1616 3185 1906 3262 χρέωνται.

432 3267 509 3326 Τὀ
540 3270 599 3326 δὲ
626 3272 766 3346 πρὸς
796 3273 1033 3348 ἑσπέρης
1062 3275 1164 3330 τοῦ
1198 3272 1470 3346 Τρίτωνος
1495 3276 1770 3348 ποταμοῦ,
1801 3271 1906 3331 Αὖ-
