2267 3517
319 119 602 184 152—156]
988 122 1257 172 emm.
1818 126 1917 178 275

317 199 728 278 λωβησάμενος
760 199 853 260 καὶ
889 198 924 260 ὅ
958 226 1016 261 τι
1039 200 1394 276 ποιήσαντα;
1436 201 1469 262 ὁ
1495 202 1557 262 δὲ
1582 201 1719 263 εἶπε·
1760 213 1798 242 “
1812 203 1917 265 ούκ

319 290 444 350 ἔστι
471 286 634 352 οὗτος
660 287 805 366 ὦνήρ
832 287 920 348 ὅτι
943 288 1026 366 μή
1055 289 1147 360 σύ,
1164 294 1241 368 τῷ
1268 291 1391 350 ἔστι
1416 290 1643 366 δύναμις
1667 290 1916 368 τοσαύτη

319 382 417 455 ἐμὲ
445 377 512 453 δή
541 376 644 438 ὧδε
671 376 956 437 διαθεῖναι·
986 375 1110 437 οὔτε
1136 403 1221 440 τις
1240 377 1569 455 ἀλλοτρίων,
1587 378 1629 437 ὦ
1648 380 1916 455 βασιλεῦ,

316 465 450 527 τάδε
488 468 773 548 ἔργασται,
810 465 941 525 ἀλλ’
978 465 1145 533 αύτός
1184 465 1293 545 ε’γῶ
1335 465 1623 542 ε’μεωυτόν,
1652 465 1829 527 δεινόν
1860 492 1919 527 τι

318 553 644 632 ποιεύμενος
681 553 1019 631 Ἀσσυρίους
1055 554 1323 631 Πέρσῃσι
1364 552 1730 633 καταγελᾶν.”
1798 553 1830 614 ὅ
1870 554 1917 614 δ’

319 643 610 720 ἀμείβετο·
651 652 687 679 “
703 642 746 702 ὦ
771 641 1151 720 σχετλιώτατε
1176 640 1403 719 ἀνδρῶν,
1427 642 1565 722 ἔργῳ
1590 645 1668 720 τῷ
1694 643 1917 721 αἰσχίσ-

319 757 396 810 τῳ
433 731 642 809 οὕνομα
666 730 734 791 τὰ
761 730 1074 790 κάλλιστον
1102 729 1241 799 ἔθευ,
1270 729 1385 805 φὰς
1412 729 1504 789 διὰ
1527 728 1657 794 τούς
1688 734 1914 808 πολιορ-

321 819 612 897 κευμένους
659 817 904 879 σεωυτόν
956 816 1273 892 ἀνηκέστως
1317 816 1603 877 διαθεῖναι·
1654 819 1716 877 τί
1762 816 1827 888 δ’,
1874 817 1918 877 ὦ

319 906 537 983 μάταιε,
563 906 968 983 λελωβημένου
993 907 1097 964 σεῦ
1123 906 1349 964 θᾶσσον
1374 907 1429 964 οἶ
1454 905 1719 981 πολέμιοι
1742 931 1918 982 παρα-

321 995 667 1072 στήσονταις
710 999 818 1058 κῶς
847 992 949 1054 οὐκ
985 994 1311 1063 ἐξέπλωσας
1338 997 1449 1054 τῶν
1481 998 1714 1070 φρενῶν,
1748 1019 1915 1052 σεωυ-

318 1083 419 1144 τόν
455 1083 781 1160 διαφθείρας
799 1081 848 1152 ;”
888 1081 922 1142 ὅ
947 1082 1009 1142 δὲ
1034 1081 1175 1140 εἶπε·
1216 1091 1253 1118 “
1270 1085 1319 1140 εἷ
1343 1082 1449 1158 μέν
1472 1107 1561 1140 τοι
1596 1079 1919 1158 ὑπερετίθεα

319 1169 394 1231 w}
421 1171 662 1247 ἔμελλον
685 1169 961 1247 ποιήσειν,
989 1170 1090 1230 οῦκ
1117 1168 1185 1229 ἄν
1209 1195 1284 1247 με
1308 1168 1592 1246 περιεῖδες·
1634 1173 1733 1228 νῦν
1759 1167 1804 1227 δ’
1832 1167 1917 1228 ἐπ’

323 1262 597 1334 ἐμεωυτοῦ
636 1258 956 1336 βαλόμενος
1004 1257 1233 1335 ἔπρηξα·
1287 1255 1395 1333 ἤδη
1436 1255 1528 1326 ὧν,
1570 1254 1641 1332 ἦν
1681 1256 1765 1333 μή
1809 1259 1920 1316 τῶν

321 1349 441 1405 σῶν
481 1345 674 1425 δεήσῃ,
715 1346 970 1423 αἶρέομεν
1010 1346 1351 1421 Βαβυλῶνα·
1395 1343 1503 1425 ἐγῶ
1539 1347 1644 1421 μὲν
1685 1344 1813 1425 γὰρ,
1848 1343 1919 1410 ὥς

321 1433 448 1512 ἔχω,
465 1433 892 1510 αὖτομολήσω’
865 1459 922 1497 ες
943 1433 1010 1493 τό
1034 1437 1237 1514 τεῖχος,
1255 1433 1347 1492 καὶ
1372 1432 1544 1510 φήσω
1568 1431 1709 1509 πρός
1722 1431 1889 1492 αὐτοῦ
1892 1458 1921 1495 ς

321 1547 394 1584 ως
417 1521 528 1583 ’ύπό
555 1526 658 1583 σεῦ
683 1521 814 1608 τάδε
840 1521 1112 1582 πέπονθα.
1184 1521 1277 1580 καὶ
1312 1521 1483 1580 δοκέω
1508 1521 1709 1584 πείσας
1734 1521 1921 1595 σφέας

317 1612 518 1672 ταῦτα
537 1612 682 1692 ἔχειν
714 1636 856 1672 ουτω
889 1609 1186 1680 τεύξεσθαι
1216 1613 1503 1686 στρατιῆς·
1544 1634 1620 1668 συ
1646 1607 1767 1668 δὲ’
1730 1607 1825 1668 απ’
1850 1606 1919 1684 ἧς

320 1696 390 1759 ἂν
418 1697 628 1779 ἡμέρης
658 1699 766 1782 ε’γώ
799 1699 1018 1759 ἐσέλθω
1059 1701 1113 1760 ἐς
1144 1696 1212 1758 τό
1251 1701 1455 1777 τεῖχος,
1480 1697 1595 1758 «ivd
1610 1697 1832 1805 ταύτης
1862 1702 1919 1760 ἐς

319 1786 620 1864 δεκάτην“
580 1789 810 1865 ημέρην,
837 1791 941 1862 τῆς
977 1788 1226 1846 σεωυτοῦ
1266 1788 1535 1862 στρατιῆς
1565 1789 1667 1860 τῆς
1691 1784 1919 1861 οὐδεμία

319 1875 482 1936 ἔσται
517 1874 630 1953 ὥρη
670 1875 1080 1951 ἀπολλυμένης,
1107 1873 1311 1949 ταύτης
1335 1873 1554 1952 χιλίους
1578 1872 1747 1941 τάξον
1774 1871 1916 1932 κατ-οἶ

316 1988 417 2026 τας
460 1962 822 2041 Σεμιράμιος
842 1963 1184 2038 καλεομένας
1224 1961 1425 2023 πύλας·
1466 1985 1610 2037 μετα
1647 1959 1709 2028 δὲ
1745 1985 1914 2030 αυτις,

317 2048 432 2109 από
470 2054 572 2126 τῆς
610 2049 840 2126 δεκάτης
881 2054 936 2113 ἐς
977 2049 1243 2126 ἑβδόμην,
1272 2048 1484 2111 ἅλλους
1518 2071 1619 2124 μοι
1643 2046 1811 2116 τάξον
1838 2046 1915 2106 δι-

320 2137 579 2219 σχιλίους
619 2137 760 2197 κατὰ
797 2137 898 2200 τᾶς
937 2136 1144 2197 Νινίων
1176 2137 1517 2213 καλεομένας
1554 2133 1755 2198 πύλας·
1797 2133 1910 2194 άπό

320 2223 382 2284 δὲ
405 2227 507 2304 ’(ἣς
533 2224 778 2302 ἑβδόμης
812 2224 1118 2286 διαλείπειν
1146 2225 1325 2286 εἴκοσι
1354 2223 1581 2302 ημέρας,
1609 2223 1701 2282 καὶ
1727 2222 1915 2282 ἔπειτα

321 2311 534 2376 αλλους
574 2312 804 2373 κάτισον
833 2337 1062 2395 αγαγων
1089 2312 1231 2372 κατὰ
1260 2337 1362 2375 τας
1395 2311 1695 2372 Χαλδαίων
1720 2312 1915 2370 καλεο-

321 2402 491 2478 μένας
529 2401 731 2470 πύλας,
769 2400 1271 2480 τετρακισχιλίους·
1316 2399 1554 2480 ἐχόντων
1591 2399 1651 2458 δὲ
1688 2397 1831 2476 μήτε
1862 2401 1916 2458 οἶ

320 2487 583 2566 πρότεροι
619 2487 792 2566 μηδὲν
829 2492 940 2548 τῶν
980 2487 1333 2564 ἀμυνούντων
1365 2487 1510 2564 μήτε
1551 2484 1720 2557 οὗτοι,
1760 2487 1916 2562 πλὴν

322 2577 677 2657 ἐγχειριδίων·
714 2577 882 2636 τοῦτο
907 2576 966 2636 δὲ
992 2576 1088 2636 ε’ἁν
1114 2577 1279 2654 ἔχειν.
1344 2575 1488 2653 μετὰ
1524 2576 1584 2634 δὲ
1608 2574 1710 2651 τὴν
1736 2578 1915 2634 εἰκοσ-

313 2664 424 2739 ’τήν
450 2664 682 2742 ἡμέρην,
709 2665 863 2728 ἰθέως
896 2662 1002 2740 τήν
1025 2666 1132 2742 μὲν
1161 2662 1347 2739 ἄλλην
1372 2661 1643 2741 στρατιήν
1674 2661 1917 2724 κελεύειν

319 2752 485 2829 πέριξ
520 2751 920 2830 προσβάλλειν
957 2751 1099 2830 πρός
1131 2750 1200 2812 τό
1230 2754 1433 2832 τεῖχος,
1460 2752 1693 2828 Πέρσας
1728 2750 1791 2810 δέ
1815 2773 1916 2826 μοι

317 2838 488 2910 τάξον
527 2839 669 2900 κατά
705 2865 768 2900 τε
805 2839 907 2902 τοὶς
945 2839 1196 2916 Βηλίδας
1234 2839 1573 2917 καλεομένας
1609 2837 1793 2900 πύλας
1822 2837 1916 2896 καὶ

319 2928 591 2992 Κισσίας·
631 2927 704 2992 ὥς
726 2925 838 3010 γοῖρ
865 2926 972 3008 ε’γῶ
998 2927 1185 2998 δοκέω,
1214 2929 1344 3004 ε’μέο
1368 2926 1593 3008 μεγάλα
1619 2927 1755 3006 ἔργα
1777 2923 1913 2984 αἶπο-

318 3014 632 3094 δεξαμένου,
658 3014 732 3077 τά
762 3040 826 3076 τε
860 3013 1016 3075 ἅλλα
1045 3015 1444 3094 ἔπιτράψονται
1474 3015 1600 3091 ἐμοὶ
1639 3010 1912 3088 Βαβυλώ-

317 3129 426 3164 νιοι
465 3105 558 3165 καὶ
597 3103 668 3181 δή
694 3104 789 3164 καὶ
811 3107 922 3164 τῶν
945 3103 1167 3162 πυλέων
1192 3102 1293 3168 ταῖς
1317 3101 1704 3182 βαλανάγρας.
1770 3099 1837 3158 τό
1866 3097 1913 3158 δ’

317 3193 582 3265 ἐνθεῦτεν,
600 3193 730 3271 ε’μοί
737 3217 801 3253 τε
822 3192 914 3251 καὶ
933 3191 1201 3270 Πέρσῃσι
1213 3189 1454 3268 μελήσει
1470 3187 1541 3248 τοὶ
1562 3187 1646 3246 δεῖ
1657 3183 1915 3246 ποιέειν.”

397 3285 585 3342 Ταῦτα
616 3279 998 3360 ἐντειλάμενος
1019 3276 1109 3356 ἤϊε
1142 3279 1237 3338 ε’πὶ
1270 3277 1370 3340 τὰς
1394 3275 1594 3345 πύλας,
1620 3279 1871 3351 ε’πιστρε-
1892 3273 2007 3334 156
