2267 3517
369 126 591 193 εμπ]
1073 127 1300 179 mmo.
1912 128 1969 181 17

369 206 535 273 οὗτος
567 213 622 273 ἐς
651 209 723 269 τοὶ
755 209 1008 287 Κροίσου
1039 208 1203 280 οἰκία,
1231 208 1373 269 κατὰ
1395 205 1597 287 νόμους
1618 207 1749 275 τούς
1780 212 1975 289 ἐπιχω-

369 296 523 374 ρίους
563 298 872 375 καθαρσίου
925 296 1104 358 ἐδέετο
1156 299 1415 374 κυρῆσαι·
1469 300 1719 374 Κροῖσος
1768 296 1833 356 δέ
1878 322 1976 374 μιν

369 382 624 464 ἐκάθηρε·
667 384 815 465 (ἔστι
845 384 904 444 δὲ
929 384 1303 462 παραπλησίη
1329 382 1367 459 ἤ
1394 382 1665 471 κάθαρσις
1687 388 1839 444 τοῖσι
1864 391 1975 444 Λυ-

371 469 523 530 δοῖσι
554 472 646 530 καὶ
673 476 828 533 τοῖσι
848 471 1151 552 Ἕλλησι·)
1194 472 1317 531 ἐπεί
1341 496 1404 531 τε
1444 471 1504 531 δὲ
1537 498 1611 531 τα
1644 472 1975 550 νομιζόμενα

371 558 602 634 ἐποίησε
626 557 658 618 ὁ
687 562 952 637 Κροῖσος,
979 558 1311 620 ἐπυνθάνετο
1336 558 1534 620 οκόθεν
1556 584 1619 619 τε
1644 560 1737 619 καὶ
1759 561 1869 624 τίς’
1870 560 1972 637 εἴη,

369 646 550 727 λέγων
593 646 744 707 τάδε·
786 646 1106 725 ’(ὥνθριιητε,
1146 646 1231 711 τίς
1274 671 1340 707 τε
1383 646 1487 707 ἐῶν
1532 648 1625 707 καὶ
1667 646 1829 708 κόθεν
1872 652 1973 723 τῆς

370 735 612 815 Φρυγίης
633 734 783 810 ἥκων
808 736 1056 799 ἐπίστιος
1080 734 1205 811 ἐμοὶ
1233 734 1441 815 ἐγένεο;
1472 734 1601 795 τίνα
1620 760 1683 795 τε
1706 734 1917 813 ἀνδρῶν
1934 734 1973 794 r*

368 826 640 902 γυναικῶν
674 820 1036 899 ἐφόνευσας;”
1077 822 1112 884 ὁ
1148 822 1209 883 δὲ
1244 821 1533 900 ἀμείβετο·
1582 820 1669 882 “ὧ
1705 824 1971 898 βασιλεῦ,

370 910 608 987 Γορδίεω
645 911 750 987 μὲν
786 914 886 971 τοῦ
925 910 1118 970 Μίδεῶ
1158 914 1270 987 εἶμι
1307 914 1456 984 παῖς,
1498 909 1873 988 οὖνομάζομαι
1912 911 1973 971 δὲ

360 995 694 1075 Ἄδρηστος·
736 996 1016 1074 φονεύσας
1055 998 1116 1058 δὲ
1155 995 1436 1073 α’,δελφεδν
1471 1001 1743 1074 ἐμεωυτοῦ
1778 997 1967 1068 α’έκων,

368 1082 598 1163 πάρειμι
623 1086 1028 1163 ἐξεληλαμένος
1049 1109 1113 1143 τε
1136 1083 1248 1143 ὖπὸ
1274 1088 1375 1143 τοῦ
1398 1082 1607 1161 πατρός
1633 1084 1725 1144 καὶ
1751 1089 1973 1161 ἐστερη-

369 1171 534 1247 μένος
570 1171 839 1232 πάντων.”
921 1173 1175 1248 Κροῖσος
1214 1170 1278 1229 δέ
1316 1194 1415 1247 μιν
1454 1168 1723 1247 ἀμείβετο
1760 1172 1971 1231 τοῖσδε·

371 1257 624 1336 ((ἅνδρῶν
652 1282 716 1317 τε
747 1261 932 1334 φίλων
959 1257 1250 1338 τυγχάνεις
1280 1258 1503 1339 ἔκγονος
1528 1257 1632 1318 ε’ὣν
1655 1258 1747 1317 καὶ
1772 1258 1973 1335 ἐλήλυ-

371 1344 474 1407 θας
505 1350 561 1408 ἐς
592 1345 812 1420 φίλους,
849 1344 980 1405 ἔνθα
1018 1342 1401 1425 ἀμηχανήσεις
1434 1344 1720 1424 χρήματος
1755 1345 1972 1412 οὗδενὸς

369 1432 548 1507 μένων
571 1437 632 1493 ἐν
651 1432 944 1511 ἡμετέρου·
1025 1432 1332 1511 συμφορήν
1356 1431 1415 1492 δὲ
1440 1432 1645 1509 ταύτην
1670 1433 1742 1497 ὦς
1768 1435 1972 1512 κουφό-

367 1545 510 1581 τατα
533 1521 718 1599 φέρων
745 1520 1046 1599 κερδανέεις
1069 1518 1394 1583 πλεῖστον.”
1474 1519 1508 1581 ὅ
1538 1524 1641 1598 μὲν
1664 1521 1733 1598 δὴ
1760 1522 1973 1583 δίαιταν

369 1607 488 1686 εἶχε
511 1614 570 1670 ἐν
596 1608 870 1687 Κροίσου.

464 1694 562 1756 Ἐν
595 1696 654 1756 δὲ
690 1700 768 1777 τῷ
798 1696 944 1777 αὐτῷ
976 1694 1159 1776 χρόνῳ
1186 1694 1379 1776 τούτῳ,
1413 1700 1472 1756 ἐν
1508 1697 1586 1775 τῷ
1624 1698 1830 1777 Μυσίῳ
1864 1696 1971 1757 Οὖ-
1991 1699 2066 1757 36

369 1782 570 1864 λύμπῳ
588 1784 724 1848 συός
741 1788 936 1864 χρῆμα
952 1785 1163 1865 γίνεται
1180 1783 1347 1863 μέγα·
1374 1782 1717 1861 ὄρμεώμενος
1736 1785 1795 1845 δὲ
1813 1783 1972 1850 οὗτος

369 1876 432 1930 ἐκ
441 1876 540 1931 τοῦ
555 1871 742 1949 οὔρεος
755 1872 954 1933 τούτου
967 1870 1040 1932 τοὶ
1053 1874 1165 1932 τῶν
1176 1875 1395 1932 Μυσῶν
1408 1874 1544 1953 ἔργα
1558 1872 1969 1950 διαφθείρεσκε·

368 1959 616 2019 πολλάκι
643 1960 702 2019 δὲ
729 1963 782 2020 οἱ
807 1959 1004 2020 Μυσοὶ
1031 1958 1114 2019 ἐπ’
1136 1958 1305 2019 αὐτὸν
1324 1958 1656 2030 ἐξελθόντες,
1676 1960 1973 2021 ποιέεσκον

372 2047 473 2119 μὶν
504 2045 661 2107 οὐδὲν
694 2045 879 2115 κακὰν,
913 2046 1166 2125 ἔπασχον
1198 2046 1257 2107 δὲ
1292 2046 1431 2124 πρὸς
1467 2045 1655 2106 αύτοῦ·
1695 2048 1859 2111 τέλος
1892 2048 1969 2117 δὲ,

371 2130 698 2208 ἀπικόμενοι
729 2131 884 2208 παρὰ
915 2131 1018 2191 τόν
1050 2136 1305 2209 Κροῖσον
1340 2137 1453 2194 τῶν
1486 2136 1704 2193 Μυσῶν
1738 2131 1973 2215 ἄγγελοι

371 2218 570 2298 ἔλεγον
591 2216 741 2277 τάδε·
783 2217 869 2277 “ὧ
897 2220 1165 2293 βασιλεῦ,
1190 2218 1287 2283 136⁵-
1318 2225 1513 2300 χρῆμα
1546 2220 1817 2303 μέγιστον
1850 2222 1971 2284 ἆνε-

371 2304 526 2381 φάνη
544 2304 679 2383 η’μῖν
705 2310 763 2366 ἐν
784 2309 858 2384 τῇ
879 2304 1052 2386 χώρῃ,
1073 2304 1137 2369 ὃς
1162 2306 1235 2366 τὰ
1261 2308 1396 2389 ἔργα
1424 2309 1751 2386 διαφθείρει·
1790 2314 1987 2372 τοῦτον

366 2392 808 2471 προθυμεόμενοι
837 2395 1012 2454 ε’λέειν
1043 2392 1108 2454 ού
1140 2393 1436 2471 δυνάμεθα·
1476 2400 1575 2457 νῦν
1605 2396 1678 2457 ὦν
1700 2398 1970 2474 προσδεό-

364 2478 515 2558 μεθά
538 2506 657 2553 σευ,
682 2481 783 2543 τὸν
811 2482 987 2543 παῖδα
1023 2483 1116 2542 καὶ
1152 2482 1399 2564 λογάδας
1431 2483 1646 2559 νεηνίας
1678 2486 1771 2544 καὶ
1806 2485 1970 2551 κύνας

364 2569 702 2649 συμπέμψαι
726 2568 951 2647 ἤμῖν,”
907 2596 981 2633 ως
1011 2596 1081 2630 αν
1102 2594 1201 2647 μιν
1228 2570 1553 2647 ἐξέλωμεν’
1527 2596 1587 2629 εκ
1610 2574 1713 2647 τῆς
1736 2571 1969 2651 χώρηςῗ

363 2659 418 2716 οἱ
440 2659 544 2733 μὲν
564 2657 633 2733 δὴ
658 2658 866 2719 τούτων
886 2657 1121 2717 ἐδέοντο·
1149 2661 1401 2735 Κροῖσος
1420 2657 1481 2716 δέ
1495 2659 1849 2736 μνημονεύων
1866 2665 1967 2721 τοῦ

364 2740 578 2818 ὀνείρου
594 2769 668 2803 τα
646 2743 821 2804 ἔπεα
843 2744 1008 2823 ἔλεγέ
1031 2749 1145 2820 σφι
1162 2743 1313 2803 τάδε·
1340 2744 1577 2808 ((παιδος
1599 2748 1704 2823 μὲν
1720 2747 1848 2823 πέρι
1865 2752 1969 2807 τοῦ

368 2830 503 2903 ἐμοῦ
527 2826 608 2902 μή
633 2830 980 2937 μνησθῶ-ι’
947 2854 1048 2891 ετι·
1085 2856 1151 2890 ου
1168 2856 1279 2911 γαρ
1298 2856 1367 2891 αν
1390 2829 1524 2908 υμῖν
1548 2833 1966 2913 συμπέμψαιμι·

365 2911 639 2993 νεόγαμός
660 2939 723 2974 τε
744 2915 856 2995 γάρ
881 2921 1022 2985 ἐστι,
1044 2916 1139 2975 καὶ
1160 2916 1338 2978 ταῦτά
1361 2920 1417 2978 οἶ
1440 2922 1539 2978 νῦν
1560 2920 1741 2996 μέλει·
1773 2922 1968 2983 Λυδῶν

366 3000 557 3076 μέντοι
575 3001 820 3081 λογάδας
845 3002 938 3060 καὶ
953 3001 1020 3063 τὰ
1041 3004 1372 3084 κυνηγέσιον
1388 3028 1502 3064 παν
1518 3007 1856 3087 συμπέμψω,
1875 3010 1967 3068 καὶ

367 3085 799 3163 διακελεύσομαι
829 3092 982 3149 τοῖσι
1019 3115 1185 3159 ιουσι,
1213 3089 1352 3150 εἶναι
1384 3090 1455 3153 ὦς
1489 3094 1964 3168 προθυμοτάτοισι

368 3174 776 3244 συνεξελέειν“
742 3178 875 3251 υμῖν
908 3201 976 3236 το
1013 3177 1207 3253 θηρίον
1243 3182 1303 3235 ἐκ
1337 3180 1440 3251 τῆς
1469 3178 1670 3254 χώρης.
1670 3177 1702 3196 ”
1782 3182 1968 3236 Ταῦτα
1984 3183 2060 3240 37

365 3259 664 3340 ἀμείψατο·
709 3260 1145 3341 ἀποχρεωμένων
1189 3262 1251 3320 δὲ
1293 3261 1544 3321 τούτοισι
1580 3264 1691 3319 τῶν
1734 3266 1965 3332 Μυσῶν,

529 3348 556 3391 3
1065 3398 1072 3405 ,
2114 3372 2207 3403 Δ

2032 3422 2238 3471 1—
