<?xml version="1.0" encoding="UTF-8"?>
<!DOCTYPE html PUBLIC "-//W3C//DTD XHTML 1.0 Transitional//EN"
    "http://www.w3.org/TR/xhtml1/DTD/xhtml1-transitional.dtd">
<html xmlns="http://www.w3.org/1999/xhtml" xml:lang="en" lang="en">
 <head>
  <title>
</title>
<meta http-equiv="Content-Type" content="text/html;charset=utf-8" />
  <meta name='ocr-system' content='tesseract 3.04.00' />
  <meta name='ocr-capabilities' content='ocr_page ocr_carea ocr_par ocr_line ocrx_word'/>
</head>
<body>
  <div class='ocr_page' id='page_1' title='image "./herodotus05blakgoog_0242.png"; bbox 0 0 2267 3517; ppageno 0'>
   <div class='ocr_carea' id='block_1_1' title="bbox 242 136 2001 3363">
    <p class='ocr_par' dir='ltr' id='par_1_1' title="bbox 335 136 2001 1518">
     <span class='ocr_line' id='line_1_1' title="bbox 345 136 1937 201; baseline 0.002 -17"><span class='ocrx_word' id='word_1_1' title='bbox 345 137 444 188; x_wconf 80' lang='lat'>232</span> <span class='ocrx_word' id='word_1_2' title='bbox 945 136 1311 188; x_wconf 65' lang='grc' dir='ltr'>ἩΡοΔοΤοτ</span> <span class='ocrx_word' id='word_1_3' title='bbox 1810 137 1937 201; x_wconf 88' lang='lat'>[111.</span> 
     </span>
     <span class='ocr_line' id='line_1_2' title="bbox 343 213 1941 295; baseline 0.001 -19"><span class='ocrx_word' id='word_1_4' title='bbox 343 213 667 276; x_wconf 72' lang='grc' dir='ltr'>ἀποπίπτει·</span> <span class='ocrx_word' id='word_1_5' title='bbox 705 215 993 295; x_wconf 82' lang='grc' dir='ltr'>γυμνωθὲν</span> <span class='ocrx_word' id='word_1_6' title='bbox 1023 215 1082 274; x_wconf 83' lang='grc' dir='ltr'>δὲ</span> <span class='ocrx_word' id='word_1_7' title='bbox 1115 214 1185 274; x_wconf 82' lang='grc' dir='ltr'><em>τό</em></span> <span class='ocrx_word' id='word_1_8' title='bbox 1220 214 1387 291; x_wconf 79' lang='grc' dir='ltr'>ξίφος</span> <span class='ocrx_word' id='word_1_9' title='bbox 1420 215 1574 276; x_wconf 82' lang='grc' dir='ltr'>παίει</span> <span class='ocrx_word' id='word_1_10' title='bbox 1607 215 1710 278; x_wconf 80' lang='grc' dir='ltr'>τᾶν</span> <span class='ocrx_word' id='word_1_11' title='bbox 1738 216 1941 294; x_wconf 85' lang='grc' dir='ltr'>μηρόν·</span> 
     </span>
     <span class='ocr_line' id='line_1_3' title="bbox 337 301 1943 381; baseline 0.002 -19"><span class='ocrx_word' id='word_1_12' title='bbox 337 302 741 380; x_wconf 82' lang='grc' dir='ltr'>τρωματισθεὶς</span> <span class='ocrx_word' id='word_1_13' title='bbox 772 302 833 362; x_wconf 78' lang='grc' dir='ltr'>δὲ</span> <span class='ocrx_word' id='word_1_14' title='bbox 869 301 1010 362; x_wconf 74' lang='grc' dir='ltr'>κατὰ</span> <span class='ocrx_word' id='word_1_15' title='bbox 1034 306 1201 362; x_wconf 84' lang='grc' dir='ltr'>τοῦτο</span> <span class='ocrx_word' id='word_1_16' title='bbox 1240 306 1313 381; x_wconf 82' lang='grc' dir='ltr'>τῇ</span> <span class='ocrx_word' id='word_1_17' title='bbox 1341 301 1507 366; x_wconf 81' lang='grc' dir='ltr'>αὗτός</span> <span class='ocrx_word' id='word_1_18' title='bbox 1536 302 1809 381; x_wconf 85' lang='grc' dir='ltr'>πρότερον</span> <span class='ocrx_word' id='word_1_19' title='bbox 1841 303 1943 366; x_wconf 74' lang='grc' dir='ltr'>τᾶν</span> 
     </span>
     <span class='ocr_line' id='line_1_4' title="bbox 337 388 1941 470; baseline 0.002 -20"><span class='ocrx_word' id='word_1_20' title='bbox 337 394 448 450; x_wconf 82' lang='grc' dir='ltr'>τῶν</span> <span class='ocrx_word' id='word_1_21' title='bbox 467 390 782 470; x_wconf 83' lang='grc' dir='ltr'>Αἰγυπτίων</span> <span class='ocrx_word' id='word_1_22' title='bbox 809 389 936 450; x_wconf 75' lang='grc' dir='ltr'>θεὸν</span> <span class='ocrx_word' id='word_1_23' title='bbox 952 389 1127 450; x_wconf 75' lang='lat' dir='ltr'><em>&#39;&#39;A-mv</em></span> <span class='ocrx_word' id='word_1_24' title='bbox 1154 390 1377 464; x_wconf 78' lang='grc' dir='ltr'>ἔπληξε,</span> <span class='ocrx_word' id='word_1_25' title='bbox 1401 388 1473 454; x_wconf 80' lang='grc' dir='ltr'>ὥς</span> <span class='ocrx_word' id='word_1_26' title='bbox 1498 393 1551 450; x_wconf 81' lang='grc' dir='ltr'>οἱ</span> <span class='ocrx_word' id='word_1_27' title='bbox 1577 392 1762 470; x_wconf 83' lang='grc' dir='ltr'>καιρίῃ</span> <span class='ocrx_word' id='word_1_28' title='bbox 1782 392 1941 462; x_wconf 76' lang='grc' dir='ltr'>ἔδοξε</span> 
     </span>
     <span class='ocr_line' id='line_1_5' title="bbox 339 476 1941 557; baseline 0.002 -19"><span class='ocrx_word' id='word_1_29' title='bbox 339 477 628 553; x_wconf 76' lang='grc' dir='ltr'>τετύφθαι,</span> <span class='ocrx_word' id='word_1_30' title='bbox 657 478 832 552; x_wconf 82' lang='grc' dir='ltr'>εἴρετο</span> <span class='ocrx_word' id='word_1_31' title='bbox 859 476 890 536; x_wconf 81' lang='grc' dir='ltr'>ὁ</span> <span class='ocrx_word' id='word_1_32' title='bbox 918 477 1245 555; x_wconf 79' lang='grc' dir='ltr'>Καμβύσης</span> <span class='ocrx_word' id='word_1_33' title='bbox 1285 477 1318 538; x_wconf 84' lang='grc' dir='ltr'>ὅ</span> <span class='ocrx_word' id='word_1_34' title='bbox 1356 504 1414 537; x_wconf 89' lang='grc' dir='ltr'>τι</span> <span class='ocrx_word' id='word_1_35' title='bbox 1442 483 1514 557; x_wconf 82' lang='grc' dir='ltr'>τῇ</span> <span class='ocrx_word' id='word_1_36' title='bbox 1552 479 1691 539; x_wconf 89' lang='grc' dir='ltr'>πόλι</span> <span class='ocrx_word' id='word_1_37' title='bbox 1732 478 1941 557; x_wconf 74' lang='grc' dir='ltr'>οὕνομα</span> 
     </span>
     <span class='ocr_line' id='line_1_6' title="bbox 341 563 1941 645; baseline 0.004 -21"><span class='ocrx_word' id='word_1_38' title='bbox 341 565 424 641; x_wconf 84' lang='grc' dir='ltr'>εἴη</span> <span class='ocrx_word' id='word_1_39' title='bbox 444 590 460 634; x_wconf 89' lang='lat'>;</span> <span class='ocrx_word' id='word_1_40' title='bbox 503 568 558 625; x_wconf 79' lang='grc' dir='ltr'>οἱ</span> <span class='ocrx_word' id='word_1_41' title='bbox 583 565 643 624; x_wconf 78' lang='grc' dir='ltr'>δὲ</span> <span class='ocrx_word' id='word_1_42' title='bbox 670 564 832 625; x_wconf 79' lang='grc' dir='ltr'>εἶπαν</span> <span class='ocrx_word' id='word_1_43' title='bbox 857 563 945 625; x_wconf 80' lang='grc' dir='ltr'>ὅτι</span> <span class='ocrx_word' id='word_1_44' title='bbox 967 563 1319 645; x_wconf 75' lang='grc' dir='ltr'>Ἀγβάτανα·</span> <span class='ocrx_word' id='word_1_45' title='bbox 1360 569 1439 644; x_wconf 75' lang='grc' dir='ltr'>τῷ</span> <span class='ocrx_word' id='word_1_46' title='bbox 1474 567 1532 625; x_wconf 85' lang='grc' dir='ltr'>δὲ</span> <span class='ocrx_word' id='word_1_47' title='bbox 1560 567 1640 626; x_wconf 82' lang='grc' dir='ltr'>ἔτι</span> <span class='ocrx_word' id='word_1_48' title='bbox 1669 567 1941 645; x_wconf 87' lang='grc' dir='ltr'>πρότερον</span> 
     </span>
     <span class='ocr_line' id='line_1_7' title="bbox 340 651 1940 734; baseline 0.003 -23"><span class='ocrx_word' id='word_1_49' title='bbox 340 651 603 731; x_wconf 79' lang='grc' dir='ltr'>ἐκέχρητο</span> <span class='ocrx_word' id='word_1_50' title='bbox 631 657 692 711; x_wconf 87' lang='grc' dir='ltr'>ἐκ</span> <span class='ocrx_word' id='word_1_51' title='bbox 718 655 963 715; x_wconf 75' lang='grc' dir='ltr'>Βουτοῦς</span> <span class='ocrx_word' id='word_1_52' title='bbox 987 651 1204 722; x_wconf 87' lang='grc' dir='ltr'>πόλιος,</span> <span class='ocrx_word' id='word_1_53' title='bbox 1234 657 1293 712; x_wconf 88' lang='grc' dir='ltr'>ἐν</span> <span class='ocrx_word' id='word_1_54' title='bbox 1316 651 1730 734; x_wconf 80' lang='grc' dir='ltr'>Ἀγβατάνοισι</span> <span class='ocrx_word' id='word_1_55' title='bbox 1754 660 1940 716; x_wconf 90' lang='grc' dir='ltr'>τελευ-</span> 
     </span>
     <span class='ocr_line' id='line_1_8' title="bbox 337 737 1941 818; baseline 0.002 -18"><span class='ocrx_word' id='word_1_56' title='bbox 337 739 534 817; x_wconf 86' lang='grc' dir='ltr'>τήσειν</span> <span class='ocrx_word' id='word_1_57' title='bbox 582 739 682 800; x_wconf 82' lang='grc' dir='ltr'>τόν</span> <span class='ocrx_word' id='word_1_58' title='bbox 733 740 887 816; x_wconf 88' lang='grc' dir='ltr'>βίον·</span> <span class='ocrx_word' id='word_1_59' title='bbox 939 737 974 800; x_wconf 80' lang='grc' dir='ltr'>ὅ</span> <span class='ocrx_word' id='word_1_60' title='bbox 1025 742 1130 816; x_wconf 87' lang='grc' dir='ltr'>μὲν</span> <span class='ocrx_word' id='word_1_61' title='bbox 1184 739 1253 816; x_wconf 76' lang='grc' dir='ltr'>δή</span> <span class='ocrx_word' id='word_1_62' title='bbox 1308 744 1383 802; x_wconf 83' lang='grc' dir='ltr'>ἐν·</span> <span class='ocrx_word' id='word_1_63' title='bbox 1417 744 1573 801; x_wconf 84' lang='grc' dir='ltr'>τοῖσι</span> <span class='ocrx_word' id='word_1_64' title='bbox 1630 743 1941 818; x_wconf 80' lang='grc' dir='ltr'>Μηδικοῖσι</span> 
     </span>
     <span class='ocr_line' id='line_1_9' title="bbox 337 825 1946 909; baseline 0.002 -21"><span class='ocrx_word' id='word_1_65' title='bbox 337 825 748 909; x_wconf 80' lang='grc' dir='ltr'>Ἀγβατάνοισι</span> <span class='ocrx_word' id='word_1_66' title='bbox 789 826 970 887; x_wconf 89' lang='grc' dir='ltr'>ἐδόκεε</span> <span class='ocrx_word' id='word_1_67' title='bbox 1009 827 1369 903; x_wconf 80' lang='grc' dir='ltr'>τελευτήσειν</span> <span class='ocrx_word' id='word_1_68' title='bbox 1406 827 1655 908; x_wconf 82' lang='grc' dir='ltr'>γηραιός,</span> <span class='ocrx_word' id='word_1_69' title='bbox 1689 835 1748 890; x_wconf 86' lang='grc' dir='ltr'>ἐν</span> <span class='ocrx_word' id='word_1_70' title='bbox 1784 831 1946 891; x_wconf 85' lang='grc' dir='ltr'>τοῖσί</span> 
     </span>
     <span class='ocr_line' id='line_1_10' title="bbox 337 914 2001 996; baseline 0.003 -22"><span class='ocrx_word' id='word_1_71' title='bbox 337 918 391 974; x_wconf 81' lang='grc' dir='ltr'>οἱ</span> <span class='ocrx_word' id='word_1_72' title='bbox 422 914 492 990; x_wconf 88' lang='grc' dir='ltr'>ἦν</span> <span class='ocrx_word' id='word_1_73' title='bbox 523 914 706 975; x_wconf 86' lang='grc' dir='ltr'>πάντα</span> <span class='ocrx_word' id='word_1_74' title='bbox 735 915 808 976; x_wconf 70' lang='grc' dir='ltr'>τὰ</span> <span class='ocrx_word' id='word_1_75' title='bbox 846 915 1168 996; x_wconf 87' lang='grc' dir='ltr'>πρήγματα,</span> <span class='ocrx_word' id='word_1_76' title='bbox 1193 914 1261 975; x_wconf 82' lang='grc' dir='ltr'>τό</span> <span class='ocrx_word' id='word_1_77' title='bbox 1303 916 1363 974; x_wconf 80' lang='grc' dir='ltr'>δὲ</span> <span class='ocrx_word' id='word_1_78' title='bbox 1400 916 1749 994; x_wconf 85' lang='grc' dir='ltr'>χρηστήριον</span> <span class='ocrx_word' id='word_1_79' title='bbox 1785 921 1940 978; x_wconf 82' lang='grc' dir='ltr'>τοῖσι</span> <span class='ocrx_word' id='word_1_80' title='bbox 1995 986 2001 992; x_wconf 52' lang='lat'>‚</span> 
     </span>
     <span class='ocr_line' id='line_1_11' title="bbox 341 1001 1941 1084; baseline 0.002 -22"><span class='ocrx_word' id='word_1_81' title='bbox 341 1006 400 1063; x_wconf 89' lang='grc' dir='ltr'>ἐν</span> <span class='ocrx_word' id='word_1_82' title='bbox 426 1003 599 1082; x_wconf 81' lang='grc' dir='ltr'>Συρίῃ</span> <span class='ocrx_word' id='word_1_83' title='bbox 637 1001 1049 1084; x_wconf 79' lang='grc' dir='ltr'>Ἀγβατάνοισι</span> <span class='ocrx_word' id='word_1_84' title='bbox 1089 1003 1251 1084; x_wconf 83' lang='grc' dir='ltr'>ἔλεγε</span> <span class='ocrx_word' id='word_1_85' title='bbox 1290 1001 1417 1080; x_wconf 75' lang='grc' dir='ltr'>ἄρα·</span> <span class='ocrx_word' id='word_1_86' title='bbox 1459 1004 1553 1062; x_wconf 85' lang='grc' dir='ltr'>καὶ</span> <span class='ocrx_word' id='word_1_87' title='bbox 1592 1004 1660 1079; x_wconf 76' lang='grc' dir='ltr'><em>δὴ</em></span> <span class='ocrx_word' id='word_1_88' title='bbox 1704 1004 1776 1068; x_wconf 73' lang='grc' dir='ltr'>ὥς</span> <span class='ocrx_word' id='word_1_89' title='bbox 1810 1004 1941 1066; x_wconf 84' lang='grc' dir='ltr'>τότε</span> 
     </span>
     <span class='ocr_line' id='line_1_12' title="bbox 337 1089 1940 1169; baseline 0.002 -19"><span class='ocrx_word' id='word_1_90' title='bbox 337 1090 714 1168; x_wconf 86' lang='grc' dir='ltr'>ἐπειρεόμενος</span> <span class='ocrx_word' id='word_1_91' title='bbox 768 1090 1002 1150; x_wconf 80' lang='grc' dir='ltr'>ἐπύθετο</span> <span class='ocrx_word' id='word_1_92' title='bbox 1040 1093 1145 1166; x_wconf 73' lang='grc' dir='ltr'>τῆς</span> <span class='ocrx_word' id='word_1_93' title='bbox 1182 1089 1384 1155; x_wconf 86' lang='grc' dir='ltr'>πόλιος</span> <span class='ocrx_word' id='word_1_94' title='bbox 1434 1090 1502 1152; x_wconf 82' lang='grc' dir='ltr'><strong><em>τό</em></strong></span> <span class='ocrx_word' id='word_1_95' title='bbox 1550 1089 1777 1169; x_wconf 81' lang='grc' dir='ltr'>οὕνομα,</span> <span class='ocrx_word' id='word_1_96' title='bbox 1828 1093 1940 1154; x_wconf 80' lang='grc' dir='ltr'>ὖπὸ</span> 
     </span>
     <span class='ocr_line' id='line_1_13' title="bbox 335 1177 1941 1262; baseline 0.002 -24"><span class='ocrx_word' id='word_1_97' title='bbox 335 1181 437 1255; x_wconf 82' lang='grc' dir='ltr'>τῆς</span> <span class='ocrx_word' id='word_1_98' title='bbox 463 1182 764 1257; x_wconf 81' lang='grc' dir='ltr'>συμφορῆς</span> <span class='ocrx_word' id='word_1_99' title='bbox 797 1183 898 1254; x_wconf 80' lang='grc' dir='ltr'>τῆς</span> <span class='ocrx_word' id='word_1_100' title='bbox 922 1204 986 1239; x_wconf 90' lang='grc' dir='ltr'>τε</span> <span class='ocrx_word' id='word_1_101' title='bbox 1021 1183 1082 1238; x_wconf 84' lang='grc' dir='ltr'>ἐκ</span> <span class='ocrx_word' id='word_1_102' title='bbox 1117 1182 1220 1239; x_wconf 79' lang='grc' dir='ltr'>τοῦ</span> <span class='ocrx_word' id='word_1_103' title='bbox 1248 1177 1455 1261; x_wconf 85' lang='grc' dir='ltr'>Μάγου</span> <span class='ocrx_word' id='word_1_104' title='bbox 1484 1182 1941 1262; x_wconf 79' lang='grc' dir='ltr'>ἐκπεπληγμένος</span> 
     </span>
     <span class='ocr_line' id='line_1_14' title="bbox 337 1265 1940 1344; baseline 0.002 -19"><span class='ocrx_word' id='word_1_105' title='bbox 337 1265 430 1325; x_wconf 84' lang='grc' dir='ltr'>καὶ</span> <span class='ocrx_word' id='word_1_106' title='bbox 467 1271 568 1326; x_wconf 83' lang='grc' dir='ltr'>τοῦ</span> <span class='ocrx_word' id='word_1_107' title='bbox 613 1265 900 1344; x_wconf 79' lang='grc' dir='ltr'>τρώματος</span> <span class='ocrx_word' id='word_1_108' title='bbox 947 1265 1336 1343; x_wconf 78' lang='grc' dir='ltr'>ἐσωφρόνησε·</span> <span class='ocrx_word' id='word_1_109' title='bbox 1418 1266 1734 1344; x_wconf 70' lang='grc' dir='ltr'>συλλαβῶν</span> <span class='ocrx_word' id='word_1_110' title='bbox 1773 1269 1834 1328; x_wconf 83' lang='grc' dir='ltr'>δὲ</span> <span class='ocrx_word' id='word_1_111' title='bbox 1870 1268 1940 1330; x_wconf 74' lang='grc' dir='ltr'>τὰ</span> 
     </span>
     <span class='ocr_line' id='line_1_15' title="bbox 338 1353 1939 1434; baseline 0.002 -20"><span class='ocrx_word' id='word_1_112' title='bbox 338 1353 674 1431; x_wconf 85' lang='grc' dir='ltr'>θεοπρόπιον</span> <span class='ocrx_word' id='word_1_113' title='bbox 716 1353 854 1413; x_wconf 81' lang='grc' dir='ltr'>εἶπε·</span> <span class='ocrx_word' id='word_1_114' title='bbox 907 1364 943 1389; x_wconf 92' lang='lat'><strong>“</strong></span> <span class='ocrx_word' id='word_1_115' title='bbox 961 1355 1203 1414; x_wconf 83' lang='grc' dir='ltr'>ἐνθαῦτα</span> <span class='ocrx_word' id='word_1_116' title='bbox 1244 1354 1573 1432; x_wconf 79' lang='grc' dir='ltr'>Καμβύσεα</span> <span class='ocrx_word' id='word_1_117' title='bbox 1614 1356 1715 1417; x_wconf 74' lang='grc' dir='ltr'>τᾶν</span> <span class='ocrx_word' id='word_1_118' title='bbox 1748 1357 1939 1434; x_wconf 84' lang='grc' dir='ltr'>Κύρου</span> 
     </span>
     <span class='ocr_line' id='line_1_16' title="bbox 337 1439 1187 1518; baseline 0.002 -19"><span class='ocrx_word' id='word_1_119' title='bbox 337 1442 462 1500; x_wconf 81' lang='grc' dir='ltr'>ἐστὶ</span> <span class='ocrx_word' id='word_1_120' title='bbox 485 1441 843 1518; x_wconf 83' lang='grc' dir='ltr'>πεπρωμένον</span> <span class='ocrx_word' id='word_1_121' title='bbox 868 1439 1187 1501; x_wconf 78' lang='grc' dir='ltr'>τελευτᾶν.”</span> 
     </span>
    </p>

    <p class='ocr_par' dir='ltr' id='par_1_2' title="bbox 242 1527 1939 3363">
     <span class='ocr_line' id='line_1_17' title="bbox 242 1527 1939 1608; baseline 0.006 -24"><span class='ocrx_word' id='word_1_122' title='bbox 242 1527 316 1585; x_wconf 90' lang='grc'>65</span> <span class='ocrx_word' id='word_1_123' title='bbox 415 1528 554 1589; x_wconf 87' lang='grc' dir='ltr'>Τότε</span> <span class='ocrx_word' id='word_1_124' title='bbox 578 1531 682 1605; x_wconf 80' lang='grc' dir='ltr'>μὲν</span> <span class='ocrx_word' id='word_1_125' title='bbox 703 1531 973 1589; x_wconf 79' lang='grc' dir='ltr'>τοσαῦτα·</span> <span class='ocrx_word' id='word_1_126' title='bbox 1012 1528 1259 1607; x_wconf 79' lang='grc' dir='ltr'>ἡμέρῃσι</span> <span class='ocrx_word' id='word_1_127' title='bbox 1292 1529 1351 1590; x_wconf 77' lang='grc' dir='ltr'>δὲ</span> <span class='ocrx_word' id='word_1_128' title='bbox 1386 1528 1625 1608; x_wconf 78' lang='grc' dir='ltr'>ὕστερον</span> <span class='ocrx_word' id='word_1_129' title='bbox 1650 1529 1721 1595; x_wconf 75' lang='grc' dir='ltr'>ὥς</span> <span class='ocrx_word' id='word_1_130' title='bbox 1758 1531 1939 1594; x_wconf 79' lang='grc' dir='ltr'>εἴκοσι</span> 
     </span>
     <span class='ocr_line' id='line_1_18' title="bbox 331 1615 1935 1702; baseline 0.002 -26"><span class='ocrx_word' id='word_1_131' title='bbox 331 1615 832 1694; x_wconf 85' lang='grc' dir='ltr'>μεταπεμψάμενος</span> <span class='ocrx_word' id='word_1_132' title='bbox 853 1615 1123 1693; x_wconf 90' lang='grc' dir='ltr'>Περσέων</span> <span class='ocrx_word' id='word_1_133' title='bbox 1146 1621 1258 1677; x_wconf 77' lang='grc' dir='ltr'>τῶν</span> <span class='ocrx_word' id='word_1_134' title='bbox 1283 1618 1601 1694; x_wconf 87' lang='grc' dir='ltr'>παρεόντων</span> <span class='ocrx_word' id='word_1_135' title='bbox 1624 1617 1756 1682; x_wconf 71' lang='grc' dir='ltr'>τοῦς</span> <span class='ocrx_word' id='word_1_136' title='bbox 1779 1623 1935 1702; x_wconf 81' lang='grc' dir='ltr'>λογι-</span> 
     </span>
     <span class='ocr_line' id='line_1_19' title="bbox 330 1702 1937 1784; baseline 0.002 -20"><span class='ocrx_word' id='word_1_137' title='bbox 330 1702 631 1780; x_wconf 87' lang='grc' dir='ltr'>μωτάτους,</span> <span class='ocrx_word' id='word_1_138' title='bbox 665 1705 827 1784; x_wconf 85' lang='grc' dir='ltr'>ἔλεγέ</span> <span class='ocrx_word' id='word_1_139' title='bbox 857 1710 971 1780; x_wconf 89' lang='grc' dir='ltr'>σφι</span> <span class='ocrx_word' id='word_1_140' title='bbox 1010 1703 1163 1764; x_wconf 86' lang='grc' dir='ltr'>τάδε·</span> <span class='ocrx_word' id='word_1_141' title='bbox 1206 1715 1242 1740; x_wconf 88' lang='grc'><strong>“</strong></span> <span class='ocrx_word' id='word_1_142' title='bbox 1258 1703 1301 1763; x_wconf 79' lang='grc' dir='ltr'><strong><em>ὦ</em></strong></span> <span class='ocrx_word' id='word_1_143' title='bbox 1346 1706 1588 1782; x_wconf 82' lang='grc' dir='ltr'>Πέρσαι,</span> <span class='ocrx_word' id='word_1_144' title='bbox 1628 1706 1937 1767; x_wconf 82' lang='grc' dir='ltr'>καταλελά-</span> 
     </span>
     <span class='ocr_line' id='line_1_20' title="bbox 329 1790 1937 1876; baseline 0.004 -26"><span class='ocrx_word' id='word_1_145' title='bbox 329 1791 480 1866; x_wconf 85' lang='grc' dir='ltr'>βηκέ</span> <span class='ocrx_word' id='word_1_146' title='bbox 512 1817 585 1868; x_wconf 94' lang='grc' dir='ltr'>με</span> <span class='ocrx_word' id='word_1_147' title='bbox 623 1791 690 1852; x_wconf 83' lang='grc' dir='ltr'><em>τό</em></span> <span class='ocrx_word' id='word_1_148' title='bbox 731 1791 950 1852; x_wconf 86' lang='grc' dir='ltr'>πάντων</span> <span class='ocrx_word' id='word_1_149' title='bbox 988 1790 1247 1868; x_wconf 87' lang='grc' dir='ltr'>μάλιστα</span> <span class='ocrx_word' id='word_1_150' title='bbox 1289 1793 1557 1871; x_wconf 75' lang='grc' dir='ltr'>ἔκρυπτον</span> <span class='ocrx_word' id='word_1_151' title='bbox 1596 1795 1937 1876; x_wconf 79' lang='grc' dir='ltr'>πρηγμάτων</span> 
     </span>
     <span class='ocr_line' id='line_1_21' title="bbox 328 1877 1933 1963; baseline 0.003 -25"><span class='ocrx_word' id='word_1_152' title='bbox 328 1882 495 1939; x_wconf 81' lang='grc' dir='ltr'>τοῦτο</span> <span class='ocrx_word' id='word_1_153' title='bbox 522 1883 577 1942; x_wconf 89' lang='grc' dir='ltr'>ἐς</span> <span class='ocrx_word' id='word_1_154' title='bbox 601 1877 774 1956; x_wconf 78' lang='grc' dir='ltr'>ὖμέας</span> <span class='ocrx_word' id='word_1_155' title='bbox 808 1883 1064 1958; x_wconf 75' lang='grc' dir='ltr'>ἐκφῆναι.</span> <span class='ocrx_word' id='word_1_156' title='bbox 1149 1880 1257 1961; x_wconf 69' lang='grc' dir='ltr'>ἐγώ</span> <span class='ocrx_word' id='word_1_157' title='bbox 1283 1880 1411 1961; x_wconf 81' lang='grc' dir='ltr'>γοὶρ,</span> <span class='ocrx_word' id='word_1_158' title='bbox 1442 1881 1544 1942; x_wconf 75' lang='grc' dir='ltr'>ἐῶν</span> <span class='ocrx_word' id='word_1_159' title='bbox 1570 1885 1629 1942; x_wconf 85' lang='grc' dir='ltr'>ἐν</span> <span class='ocrx_word' id='word_1_160' title='bbox 1654 1881 1933 1963; x_wconf 78' lang='grc' dir='ltr'>Αἰγύπτῳ,</span> 
     </span>
     <span class='ocr_line' id='line_1_22' title="bbox 335 1965 1933 2046; baseline 0.003 -20"><span class='ocrx_word' id='word_1_161' title='bbox 335 1965 480 2027; x_wconf 81' lang='grc' dir='ltr'>εἶδον</span> <span class='ocrx_word' id='word_1_162' title='bbox 532 1966 664 2046; x_wconf 79' lang='grc' dir='ltr'>ὄψιν</span> <span class='ocrx_word' id='word_1_163' title='bbox 705 1972 763 2028; x_wconf 86' lang='grc' dir='ltr'>ἐν</span> <span class='ocrx_word' id='word_1_164' title='bbox 801 1970 879 2046; x_wconf 77' lang='grc' dir='ltr'>τῷ</span> <span class='ocrx_word' id='word_1_165' title='bbox 917 1967 1070 2046; x_wconf 74' lang='grc' dir='ltr'>ὕπνῳ</span> <span class='ocrx_word' id='word_1_166' title='bbox 1109 1967 1217 2043; x_wconf 78' lang='grc' dir='ltr'>τήν</span> <span class='ocrx_word' id='word_1_167' title='bbox 1255 1967 1489 2046; x_wconf 82' lang='grc' dir='ltr'>μηδαμοῖ</span> <span class='ocrx_word' id='word_1_168' title='bbox 1530 1967 1744 2044; x_wconf 79' lang='grc' dir='ltr'>ὄφελον</span> <span class='ocrx_word' id='word_1_169' title='bbox 1784 1970 1933 2031; x_wconf 79' lang='grc' dir='ltr'>ἰδεῖν·</span> 
     </span>
     <span class='ocr_line' id='line_1_23' title="bbox 329 2053 1932 2138; baseline 0.002 -24"><span class='ocrx_word' id='word_1_170' title='bbox 329 2053 550 2117; x_wconf 84' lang='grc' dir='ltr'>ἐδόκεον</span> <span class='ocrx_word' id='word_1_171' title='bbox 573 2055 637 2116; x_wconf 87' lang='grc' dir='ltr'>δέ</span> <span class='ocrx_word' id='word_1_172' title='bbox 658 2082 758 2133; x_wconf 90' lang='grc' dir='ltr'>μοι</span> <span class='ocrx_word' id='word_1_173' title='bbox 784 2055 1030 2136; x_wconf 78' lang='grc' dir='ltr'>ἄγγελον</span> <span class='ocrx_word' id='word_1_174' title='bbox 1057 2055 1298 2116; x_wconf 82' lang='grc' dir='ltr'>ἐλθόντα</span> <span class='ocrx_word' id='word_1_175' title='bbox 1326 2055 1388 2125; x_wconf 80' lang='grc' dir='ltr'>ἐξ</span> <span class='ocrx_word' id='word_1_176' title='bbox 1418 2057 1573 2116; x_wconf 82' lang='grc' dir='ltr'>οἴκου</span> <span class='ocrx_word' id='word_1_177' title='bbox 1612 2055 1932 2138; x_wconf 83' lang='grc' dir='ltr'>οἶγγέλλειν,</span> 
     </span>
     <span class='ocr_line' id='line_1_24' title="bbox 329 2141 1933 2223; baseline 0.003 -23"><span class='ocrx_word' id='word_1_178' title='bbox 329 2141 399 2206; x_wconf 77' lang='grc' dir='ltr'>ὦς</span> <span class='ocrx_word' id='word_1_179' title='bbox 430 2144 668 2221; x_wconf 81' lang='grc' dir='ltr'>Σμέρδις</span> <span class='ocrx_word' id='word_1_180' title='bbox 709 2142 958 2220; x_wconf 78' lang='grc' dir='ltr'>ἱζόμενος</span> <span class='ocrx_word' id='word_1_181' title='bbox 989 2147 1047 2206; x_wconf 89' lang='grc' dir='ltr'>ἐς</span> <span class='ocrx_word' id='word_1_182' title='bbox 1082 2142 1183 2204; x_wconf 76' lang='grc' dir='ltr'>τᾶν</span> <span class='ocrx_word' id='word_1_183' title='bbox 1213 2143 1529 2219; x_wconf 77' lang='grc' dir='ltr'>βασιλήϊον</span> <span class='ocrx_word' id='word_1_184' title='bbox 1564 2143 1763 2220; x_wconf 90' lang='grc' dir='ltr'>θρόνον</span> <span class='ocrx_word' id='word_1_185' title='bbox 1796 2151 1933 2223; x_wconf 80' lang='grc' dir='ltr'>ψαύ-</span> 
     </span>
     <span class='ocr_line' id='line_1_25' title="bbox 327 2229 1935 2310; baseline 0.002 -21"><span class='ocrx_word' id='word_1_186' title='bbox 327 2254 447 2290; x_wconf 88' lang='grc' dir='ltr'>σειε</span> <span class='ocrx_word' id='word_1_187' title='bbox 485 2235 556 2308; x_wconf 83' lang='grc' dir='ltr'>τῇ</span> <span class='ocrx_word' id='word_1_188' title='bbox 599 2235 824 2310; x_wconf 82' lang='grc' dir='ltr'>κεφαλῇ</span> <span class='ocrx_word' id='word_1_189' title='bbox 862 2234 965 2291; x_wconf 81' lang='grc' dir='ltr'>τοῦ</span> <span class='ocrx_word' id='word_1_190' title='bbox 1007 2229 1245 2307; x_wconf 75' lang='grc' dir='ltr'>οὐρανοῦ</span> <span class='ocrx_word' id='word_1_191' title='bbox 1250 2256 1265 2271; x_wconf 99' lang='grc'>·</span> <span class='ocrx_word' id='word_1_192' title='bbox 1319 2230 1510 2294; x_wconf 76' lang='grc' dir='ltr'>δείσας</span> <span class='ocrx_word' id='word_1_193' title='bbox 1550 2232 1609 2290; x_wconf 83' lang='grc' dir='ltr'>δὲ</span> <span class='ocrx_word' id='word_1_194' title='bbox 1647 2232 1729 2308; x_wconf 80' lang='grc' dir='ltr'><em>μή</em></span> <span class='ocrx_word' id='word_1_195' title='bbox 1771 2233 1935 2292; x_wconf 77' lang='grc' dir='ltr'>άπαι-</span> 
     </span>
     <span class='ocr_line' id='line_1_26' title="bbox 325 2316 1935 2396; baseline 0.003 -20"><span class='ocrx_word' id='word_1_196' title='bbox 325 2318 497 2392; x_wconf 91' lang='grc' dir='ltr'>ρεθέω</span> <span class='ocrx_word' id='word_1_197' title='bbox 561 2317 666 2394; x_wconf 83' lang='grc' dir='ltr'>τήν</span> <span class='ocrx_word' id='word_1_198' title='bbox 729 2317 912 2396; x_wconf 80' lang='grc' dir='ltr'>α’ρχήν</span> <span class='ocrx_word' id='word_1_199' title='bbox 977 2317 1119 2393; x_wconf 80' lang='grc' dir='ltr'>πρός</span> <span class='ocrx_word' id='word_1_200' title='bbox 1171 2320 1275 2377; x_wconf 79' lang='grc' dir='ltr'>τοῦ</span> <span class='ocrx_word' id='word_1_201' title='bbox 1338 2316 1635 2393; x_wconf 77' lang='grc' dir='ltr'>ἀδελφεοῦ,</span> <span class='ocrx_word' id='word_1_202' title='bbox 1694 2321 1935 2396; x_wconf 86' lang='grc' dir='ltr'>ἐποίησα</span> 
     </span>
     <span class='ocr_line' id='line_1_27' title="bbox 327 2403 1934 2486; baseline 0.004 -25"><span class='ocrx_word' id='word_1_203' title='bbox 327 2404 604 2482; x_wconf 79' lang='grc' dir='ltr'>ταχύτερα</span> <span class='ocrx_word' id='word_1_204' title='bbox 630 2403 666 2480; x_wconf 87' lang='grc' dir='ltr'>ἢ</span> <span class='ocrx_word' id='word_1_205' title='bbox 701 2403 1022 2486; x_wconf 75' lang='grc' dir='ltr'>σοφώτερα·</span> <span class='ocrx_word' id='word_1_206' title='bbox 1067 2407 1125 2464; x_wconf 80' lang='grc' dir='ltr'>ἐν</span> <span class='ocrx_word' id='word_1_207' title='bbox 1160 2409 1233 2483; x_wconf 81' lang='grc' dir='ltr'>τῇ</span> <span class='ocrx_word' id='word_1_208' title='bbox 1266 2404 1377 2485; x_wconf 68' lang='grc' dir='ltr'>γσῖρ</span> <span class='ocrx_word' id='word_1_209' title='bbox 1412 2404 1733 2485; x_wconf 70' lang='grc' dir='ltr'>ἀνθρωπηίῃ</span> <span class='ocrx_word' id='word_1_210' title='bbox 1761 2408 1934 2484; x_wconf 83' lang='grc' dir='ltr'>φύσει</span> 
     </span>
     <span class='ocr_line' id='line_1_28' title="bbox 329 2491 1933 2577; baseline 0.003 -26"><span class='ocrx_word' id='word_1_211' title='bbox 329 2491 428 2552; x_wconf 77' lang='grc' dir='ltr'>οὐκ</span> <span class='ocrx_word' id='word_1_212' title='bbox 470 2497 598 2568; x_wconf 82' lang='grc' dir='ltr'>ἐνῆν</span> <span class='ocrx_word' id='word_1_213' title='bbox 629 2491 738 2570; x_wconf 76' lang='grc' dir='ltr'>ἄρα</span> <span class='ocrx_word' id='word_1_214' title='bbox 770 2491 839 2553; x_wconf 83' lang='grc' dir='ltr'>τὸ</span> <span class='ocrx_word' id='word_1_215' title='bbox 873 2494 1093 2569; x_wconf 88' lang='grc' dir='ltr'>μέλλον</span> <span class='ocrx_word' id='word_1_216' title='bbox 1132 2493 1393 2573; x_wconf 86' lang='grc' dir='ltr'>γίνεσθαι</span> <span class='ocrx_word' id='word_1_217' title='bbox 1425 2492 1780 2572; x_wconf 70' lang='grc' dir='ltr'>ἀποτρέπειν·</span> <span class='ocrx_word' id='word_1_218' title='bbox 1824 2495 1933 2577; x_wconf 70' lang='grc' dir='ltr'>ἐγῶ</span> 
     </span>
     <span class='ocr_line' id='line_1_29' title="bbox 330 2578 1933 2659; baseline 0.004 -21"><span class='ocrx_word' id='word_1_219' title='bbox 330 2579 388 2638; x_wconf 86' lang='grc' dir='ltr'>δὲ</span> <span class='ocrx_word' id='word_1_220' title='bbox 439 2578 476 2640; x_wconf 77' lang='grc' dir='ltr'>ὁ</span> <span class='ocrx_word' id='word_1_221' title='bbox 525 2579 761 2657; x_wconf 85' lang='grc' dir='ltr'>μάταιος</span> <span class='ocrx_word' id='word_1_222' title='bbox 828 2578 1185 2656; x_wconf 81' lang='grc' dir='ltr'>Πρηξάσπεα</span> <span class='ocrx_word' id='word_1_223' title='bbox 1244 2579 1560 2659; x_wconf 74' lang='grc' dir='ltr'>ἀποπέμπω</span> <span class='ocrx_word' id='word_1_224' title='bbox 1623 2587 1679 2646; x_wconf 83' lang='grc' dir='ltr'>ἐς</span> <span class='ocrx_word' id='word_1_225' title='bbox 1738 2585 1933 2648; x_wconf 84' lang='grc' dir='ltr'>Σοῦσα</span> 
     </span>
     <span class='ocr_line' id='line_1_30' title="bbox 328 2665 1932 2749; baseline 0.004 -25"><span class='ocrx_word' id='word_1_226' title='bbox 328 2665 732 2728; x_wconf 77' lang='grc' dir='ltr'>ἀποκτενέοντα</span> <span class='ocrx_word' id='word_1_227' title='bbox 804 2667 1062 2744; x_wconf 81' lang='grc' dir='ltr'>Σμέρδιν·</span> <span class='ocrx_word' id='word_1_228' title='bbox 1152 2667 1582 2749; x_wconf 77' lang='grc' dir='ltr'>ἐξεργασθέντος</span> <span class='ocrx_word' id='word_1_229' title='bbox 1638 2670 1701 2730; x_wconf 77' lang='grc' dir='ltr'>δὲ</span> <span class='ocrx_word' id='word_1_230' title='bbox 1762 2675 1932 2731; x_wconf 81' lang='grc' dir='ltr'>κακοῦ</span> 
     </span>
     <span class='ocr_line' id='line_1_31' title="bbox 327 2753 1931 2835; baseline 0.005 -24"><span class='ocrx_word' id='word_1_231' title='bbox 327 2753 602 2816; x_wconf 80' lang='grc' dir='ltr'>τοσούτου</span> <span class='ocrx_word' id='word_1_232' title='bbox 627 2753 800 2818; x_wconf 79' lang='grc' dir='ltr'>οἶδεῶς</span> <span class='ocrx_word' id='word_1_233' title='bbox 825 2755 1144 2832; x_wconf 77' lang='grc' dir='ltr'>διαιτώμην,</span> <span class='ocrx_word' id='word_1_234' title='bbox 1174 2754 1391 2832; x_wconf 75' lang='grc' dir='ltr'>οὐδαμοὶ</span> <span class='ocrx_word' id='word_1_235' title='bbox 1429 2757 1824 2834; x_wconf 76' lang='grc' dir='ltr'>ἐπιλεξάμενος</span> <span class='ocrx_word' id='word_1_236' title='bbox 1848 2757 1931 2835; x_wconf 85' lang='grc' dir='ltr'>μή</span> 
     </span>
     <span class='ocr_line' id='line_1_32' title="bbox 329 2841 1931 2923; baseline 0.002 -23"><span class='ocrx_word' id='word_1_237' title='bbox 329 2843 460 2904; x_wconf 84' lang='grc' dir='ltr'>κοτέ</span> <span class='ocrx_word' id='word_1_238' title='bbox 493 2843 579 2908; x_wconf 82' lang='grc' dir='ltr'>τίς</span> <span class='ocrx_word' id='word_1_239' title='bbox 611 2869 727 2920; x_wconf 88' lang='grc' dir='ltr'>μοι,</span> <span class='ocrx_word' id='word_1_240' title='bbox 766 2841 1034 2920; x_wconf 82' lang='grc' dir='ltr'>Σμέρδιος</span> <span class='ocrx_word' id='word_1_241' title='bbox 1073 2842 1541 2923; x_wconf 76' lang='grc' dir='ltr'>ὑπαραιρημένου,</span> <span class='ocrx_word' id='word_1_242' title='bbox 1578 2844 1759 2910; x_wconf 77' lang='grc' dir='ltr'>ἄλλος</span> <span class='ocrx_word' id='word_1_243' title='bbox 1800 2851 1931 2906; x_wconf 86' lang='grc' dir='ltr'>ἐπα-</span> 
     </span>
     <span class='ocr_line' id='line_1_33' title="bbox 327 2929 1933 3008; baseline 0.002 -20"><span class='ocrx_word' id='word_1_244' title='bbox 327 2932 566 3008; x_wconf 81' lang='grc' dir='ltr'>νασταίη</span> <span class='ocrx_word' id='word_1_245' title='bbox 587 2930 908 3008; x_wconf 75' lang='grc' dir='ltr'>ἀνθρώπων·</span> <span class='ocrx_word' id='word_1_246' title='bbox 935 2929 1144 2994; x_wconf 80' lang='grc' dir='ltr'>παντός</span> <span class='ocrx_word' id='word_1_247' title='bbox 1164 2931 1222 2990; x_wconf 77' lang='grc' dir='ltr'>δὲ</span> <span class='ocrx_word' id='word_1_248' title='bbox 1240 2935 1341 2992; x_wconf 85' lang='grc' dir='ltr'>τοῦ</span> <span class='ocrx_word' id='word_1_249' title='bbox 1360 2933 1673 3007; x_wconf 89' lang='grc' dir='ltr'>μέλλοντος</span> <span class='ocrx_word' id='word_1_250' title='bbox 1698 2933 1933 2993; x_wconf 85' lang='grc' dir='ltr'>ἔσεσθαι</span> 
     </span>
     <span class='ocr_line' id='line_1_34' title="bbox 327 3016 1931 3101; baseline 0.004 -25"><span class='ocrx_word' id='word_1_251' title='bbox 327 3016 601 3096; x_wconf 79' lang='grc' dir='ltr'>οἷμαρτῶν,</span> <span class='ocrx_word' id='word_1_252' title='bbox 636 3017 1077 3094; x_wconf 74' lang='grc' dir='ltr'>ἀδελφεοκτόνος</span> <span class='ocrx_word' id='word_1_253' title='bbox 1113 3044 1195 3090; x_wconf 87' lang='grc' dir='ltr'>τε,</span> <span class='ocrx_word' id='word_1_254' title='bbox 1224 3018 1381 3078; x_wconf 81' lang='grc' dir='ltr'>οὐδὲν</span> <span class='ocrx_word' id='word_1_255' title='bbox 1417 3019 1557 3089; x_wconf 88' lang='grc' dir='ltr'>δέον,</span> <span class='ocrx_word' id='word_1_256' title='bbox 1584 3021 1807 3101; x_wconf 86' lang='grc' dir='ltr'>γέγονα,</span> <span class='ocrx_word' id='word_1_257' title='bbox 1835 3021 1931 3082; x_wconf 76' lang='grc' dir='ltr'>καὶ</span> 
     </span>
     <span class='ocr_line' id='line_1_35' title="bbox 323 3103 1929 3188; baseline -0.001 -21"><span class='ocrx_word' id='word_1_258' title='bbox 323 3109 423 3180; x_wconf 77' lang='grc' dir='ltr'>τῆς</span> <span class='ocrx_word' id='word_1_259' title='bbox 447 3106 759 3184; x_wconf 71' lang='grc' dir='ltr'>βασιληίης</span> <span class='ocrx_word' id='word_1_260' title='bbox 785 3105 942 3165; x_wconf 75' lang='grc' dir='ltr'>οὐδὲν</span> <span class='ocrx_word' id='word_1_261' title='bbox 965 3103 1157 3180; x_wconf 84' lang='grc' dir='ltr'>ἧσσον</span> <span class='ocrx_word' id='word_1_262' title='bbox 1192 3107 1514 3184; x_wconf 85' lang='grc' dir='ltr'>ἐστέρημαι·</span> <span class='ocrx_word' id='word_1_263' title='bbox 1558 3107 1793 3184; x_wconf 84' lang='grc' dir='ltr'>Σμέρδις</span> <span class='ocrx_word' id='word_1_264' title='bbox 1818 3107 1929 3188; x_wconf 83' lang='grc' dir='ltr'>γοὶρ</span> 
     </span>
     <span class='ocr_line' id='line_1_36' title="bbox 332 3191 1931 3274; baseline 0.003 -24"><span class='ocrx_word' id='word_1_265' title='bbox 332 3192 402 3269; x_wconf 84' lang='grc' dir='ltr'>δὴ</span> <span class='ocrx_word' id='word_1_266' title='bbox 423 3193 492 3269; x_wconf 86' lang='grc' dir='ltr'>ἦν</span> <span class='ocrx_word' id='word_1_267' title='bbox 517 3195 549 3256; x_wconf 79' lang='grc' dir='ltr'>ὅ</span> <span class='ocrx_word' id='word_1_268' title='bbox 581 3193 800 3274; x_wconf 87' lang='grc' dir='ltr'>Μάγος,</span> <span class='ocrx_word' id='word_1_269' title='bbox 834 3192 934 3252; x_wconf 90' lang='grc' dir='ltr'>τόν</span> <span class='ocrx_word' id='word_1_270' title='bbox 971 3218 1073 3268; x_wconf 87' lang='grc' dir='ltr'>μοι</span> <span class='ocrx_word' id='word_1_271' title='bbox 1104 3191 1137 3254; x_wconf 81' lang='grc' dir='ltr'>ὅ</span> <span class='ocrx_word' id='word_1_272' title='bbox 1170 3193 1379 3270; x_wconf 89' lang='grc' dir='ltr'>δαίμων</span> <span class='ocrx_word' id='word_1_273' title='bbox 1424 3195 1730 3271; x_wconf 87' lang='grc' dir='ltr'>προέφαινε</span> <span class='ocrx_word' id='word_1_274' title='bbox 1766 3199 1825 3254; x_wconf 89' lang='grc' dir='ltr'>ἐν</span> <span class='ocrx_word' id='word_1_275' title='bbox 1855 3198 1931 3272; x_wconf 80' lang='grc' dir='ltr'>τῇ</span> 
     </span>
     <span class='ocr_line' id='line_1_37' title="bbox 331 3274 1936 3363; baseline 0.003 -26"><span class='ocrx_word' id='word_1_276' title='bbox 331 3274 460 3354; x_wconf 80' lang='grc' dir='ltr'>ὄψει</span> <span class='ocrx_word' id='word_1_277' title='bbox 486 3280 1000 3358; x_wconf 84' lang='grc' dir='ltr'>ἐπαναστήσεσθαι.</span> <span class='ocrx_word' id='word_1_278' title='bbox 1078 3279 1148 3340; x_wconf 78' lang='grc' dir='ltr'>τὰ</span> <span class='ocrx_word' id='word_1_279' title='bbox 1172 3282 1277 3357; x_wconf 81' lang='grc' dir='ltr'>μὲν</span> <span class='ocrx_word' id='word_1_280' title='bbox 1302 3281 1371 3356; x_wconf 78' lang='grc' dir='ltr'>δὴ</span> <span class='ocrx_word' id='word_1_281' title='bbox 1404 3283 1567 3361; x_wconf 87' lang='grc' dir='ltr'>ἔργον</span> <span class='ocrx_word' id='word_1_282' title='bbox 1592 3281 1936 3363; x_wconf 81' lang='grc' dir='ltr'>ἐξέργασταί</span> 
     </span>
    </p>
   </div>
  </div>
 </body>
</html>
