2267 3517
359 127 639 192 158—161]
940 127 1393 177 MEAHOMENH.
1859 125 1954 171 345

354 207 634 277 συλλέξας
676 207 923 284 στρατόν
968 208 1284 287 Αἰγυπτίων
1329 204 1554 265 πολλὸν
1604 205 1814 279 ἔπεμπε
1861 203 1953 262 ἐπὶ

350 293 455 369 τήν
482 296 761 369 Κυρήνην·
802 297 855 352 οἱ
890 295 949 352 δὲ
983 299 1290 369 Κυρηναῖοι
1332 291 1868 368 ἐκστρατευσάμενοι
1901 296 1956 352 ἐς

343 381 549 458 Ἴρασα
591 387 772 459 χῶρον
822 383 913 440 καὶ
955 381 1047 440 ἐπὶ
1094 381 1300 457 κρήνην
1347 381 1584 455 Θέστην,
1632 379 1954 454 συνέβαλόν

350 495 413 529 τε
461 473 615 528 τοῖσι
668 470 1028 549 Αἰγυπτίοισι
1082 468 1172 526 καὶ
1229 469 1490 542 ἐνίκησαν
1536 470 1606 544 τῇ
1657 468 1950 544 συμβολῇ·

352 555 449 615 ἅτε
501 555 610 637 γὰρ
664 555 729 614 οὖ
782 556 1178 632 πεπειρημένοι
1230 553 1500 631 πρότερον
1554 556 1608 612 οἱ
1660 552 1954 633 Αἰγύπτιοι

351 641 658 717 Ἑλλήνων,
714 644 805 704 καὶ
856 641 1326 720 παραχρεώμενοι,
1383 641 1767 717 διεφθάρησαν
1813 640 1952 698 οὕτω

355 729 499 789 ὥστε
532 730 718 812 ὀλίγοι
754 732 896 792 τινὲς
922 729 1100 788 αὐτῶν
1129 728 1526 803 ἀπενόστησαν
1561 733 1615 790 ἐς
1647 729 1951 808 Αἴγυπτον.

352 817 473 876 αντὶ
512 817 720 877 τούτων
761 816 1057 898 Αἰγύπτιοι
1101 815 1242 873 κατοὶ
1287 819 1463 874 ταῦτα
1510 814 1954 890 ἐπιμεμφόμενοι

352 903 572 982 Ἀπρίῃ,
602 904 935 980 α’,πέστησαν
963 903 1056 962 απ’
1086 903 1277 962 αύτοῧ.

432 993 643 1052 Τούτου
670 993 730 1052 δὲ
755 996 856 1052 τοῦ
883 991 1106 1051 Βάττεω
1132 992 1343 1070 γίνεται
1369 988 1499 1050 πάίς
1521 987 1908 1064 Ἀρκεσίλεως·
1931 991 2045 1047 160

351 1106 413 1142 ος
477 1080 838 1156 βασιλεύσας
904 1103 1097 1154 πρωτα
1162 1080 1316 1136 τοῖσι
1368 1077 1567 1134 ἑωυτοῦ
1620 1074 1951 1150 ἀδελφεοῖσι

354 1168 681 1236 ἐστασίασε,
710 1170 765 1228 ἐς
805 1165 837 1226 ὅ
875 1191 972 1241 μιν
1014 1162 1169 1223 οὗτοι
1209 1161 1580 1224 ἀπολιπόντες
1627 1162 1849 1268 οἶόοντο
1897 1166 1952 1224 ἐς

353 1252 536 1312 ἄλλον
576 1279 761 1331 χωρον
801 1257 903 1328 τῆς
944 1250 1181 1359 Λιβύης,
1221 1249 1312 1308 καὶ
1357 1248 1439 1307 ἐπ’
1485 1252 1694 1308 ἑωυτῶν
1728 1248 1949 1324 βαλλό-

353 1365 527 1415 μενοι,
556 1341 781 1400 ἔκτισαν
819 1339 987 1398 πόλιν
1027 1338 1233 1412 ταύτην
1271 1336 1311 1410 ἦ
1350 1336 1478 1396 τότε
1511 1337 1602 1394 καὶ
1629 1340 1726 1396 νῦν
1757 1334 1948 1412 Βάρκη

356 1427 632 1485 καλέεται·
689 1427 961 1496 κτίζοντες
1012 1424 1058 1482 δ’
1108 1423 1226 1500 ἅμα
1279 1423 1450 1499 αὐτὴν
1505 1423 1786 1482 οἷπιστᾶσι
1837 1421 1950 1482 οἷπὸ

353 1516 465 1572 τῶν
489 1514 816 1590 Κυρηναίων
848 1511 976 1574 τούς
1011 1511 1244 1587 Λίβυας.
1302 1511 1441 1588 μετὰ
1477 1511 1554 1581 δὲ,
1580 1511 1951 1585 Ἀρκεσίλεως

358 1603 412 1660 ἐς
459 1600 587 1662 τούς
636 1599 1073 1675 ὖποδεξαμένους
1125 1625 1188 1658 τε
1237 1603 1348 1658 τῶν
1398 1598 1627 1675 Λιβύων
1677 1597 1768 1656 καὶ
1815 1595 1948 1654 αἶπο-

355 1689 596 1751 στάντας
648 1689 776 1750 τούς
822 1686 1020 1749 αὐτούς
1064 1686 1307 1755 τούτους,
1357 1686 1734 1760 ἐστρατεύετο·
1793 1686 1846 1742 οἱ
1893 1683 1952 1742 δὲ

355 1774 566 1848 Λίβυες
618 1774 898 1835 δείσαντες
951 1773 1136 1842 αὐτὸν,
1187 1774 1407 1848 οἴχοντο
1464 1775 1760 1851 φεύγοντες
1813 1770 1952 1846 πρὸς

354 1859 481 1922 τούς
522 1860 708 1934 ἠοίους
748 1863 857 1918 τῶν
893 1858 1142 1932 Λιβύων·
1189 1857 1222 1915 ὁ
1265 1857 1322 1914 δὲ
1360 1856 1727 1933 Ἀρκεσίλεως
1767 1858 1951 1915 εἵπετο

358 1947 653 2023 φεύγουσι,
684 1949 738 2007 ἐς
768 1943 833 2003 οὗ
873 1949 931 2002 ἐν
967 1943 1219 2001 Λεύκωνί
1248 1967 1310 2001 τε
1350 1947 1450 2016 τῆς
1486 1943 1706 2018 Λιβύης
1737 1944 1947 2021 ἐγίνετο

358 2031 670 2098 ἐπιδιώκων,
718 2031 811 2088 καὶ
864 2029 1015 2098 ἔδοξε
1068 2032 1221 2087 τοῖσι
1273 2028 1493 2102 Λίβυσι
1542 2029 1833 2087 ἐπιθέσθαι
1878 2031 1950 2088 οῖ·

358 2116 751 2192 συμβαλόντες
789 2117 849 2175 δὲ
881 2116 1143 2190 ἐνίκησαν
1168 2115 1297 2178 τοῦς
1323 2114 1668 2192 Κυρηναίους
1692 2119 1948 2188 τοσοῦτο,

360 2201 503 2262 ὥστε
560 2206 1013 2281 ἑπτακισχιλίους
1065 2201 1302 2265 ὁπλίτας
1349 2202 1673 2278 Κυρηναίων
1721 2203 1954 2261 ἐνθαῦτα

358 2291 600 2350 πεσέειν.
679 2291 823 2367 μετὰ
879 2290 938 2348 δὲ
988 2290 1055 2349 τὸ
1108 2293 1301 2366 τρῶμα
1356 2293 1521 2349 τοῦτο
1583 2288 1954 2365 Ἀρκεσίλεων

358 2379 460 2454 μὲν
499 2378 779 2455 κάμνοντά
815 2403 878 2437 τε
922 2379 1015 2436 καὶ
1055 2377 1354 2453 φάρμακον
1393 2377 1688 2434 πεπωκότα
1724 2375 1755 2435 ὁ
1793 2375 1954 2435 ἀδελ-

362 2465 498 2538 φεὸς
539 2468 795 2544 Λέαρχος
838 2465 1152 2574 ἀποπνίγει·
1214 2467 1470 2541 Λέαρχον
1525 2463 1584 2522 δὲ
1636 2463 1674 2539 ἦ
1725 2464 1862 2543 γυνὴ
1915 2464 1953 2540 ἤ

358 2549 696 2628 Ἀρκεσίλεω
752 2552 899 2631 δόλω
955 2552 1165 2621 κτείνει,
1219 2553 1290 2628 τῇ
1344 2548 1552 2628 οὕνομα
1603 2550 1674 2626 ἦν
1725 2550 1953 2626 Ἐρυξώ.

362 2638 659 2706 Διεδέξατο
688 2639 747 2697 δὲ
771 2642 877 2714 τὴν
900 2638 1213 2715 βασιληιην
1239 2641 1340 2697 τοῦ
1365 2636 1762 2747 Ἀρκεσίλοεω”
1731 2665 1762 2697 ο
1788 2638 1917 2701 πάϊς
1935 2641 2042 2697 161

361 2725 593 2794 Βάττος,
621 2725 804 2804 χωλός
836 2725 939 2785 ε’ων
970 2725 1063 2783 καὶ
1098 2724 1198 2783 οὐκ
1215 2723 1504 2804 οἷρτίπους.
1592 2727 1646 2784 οἱ
1683 2725 1741 2783 δὲ
1774 2731 1957 2802 Κυρη-

360 2814 507 2872 ναῖοι
546 2839 685 2889 προς
724 2813 827 2887 τὴν
868 2813 1312 2888 καταλαβοῦσαν
1359 2812 1665 2890 συμφορὴν
1711 2813 1958 2888 ἔπεμπον

364 2904 418 2962 ἐς
459 2899 723 2975 Δελφούς
764 2899 1242 2976 ἐπειρησομένους,
1282 2899 1344 2958 ὅν
1379 2925 1503 2959 τινα
1544 2899 1754 2974 τρόπον
1795 2924 1958 2958 κατα·

363 2985 711 3062 στησάμενοι
766 2985 1050 3046 κάλλιστα
1102 2983 1172 3044 ἂν
1229 2986 1490 3054 οἰκέοιεν,
1559 2984 1597 3060 ἦ
1651 2985 1709 3043 δὲ
1769 2985 1956 3061 Πυθίη

363 3074 580 3132 ἐκέλευε
622 3078 682 3131 ἐκ
727 3075 1039 3149 Μαντινέης
1079 3076 1182 3148 τῆς
1222 3071 1501 3148 Ἀρκάδων
1545 3075 1960 3149 καταρτιστῆρα

362 3157 696 3239 ἀγαγέσθαι.
779 3160 961 3218 αἴτεον
1002 3158 1075 3219 ὧν
1116 3161 1170 3218 οἶ
1211 3163 1531 3234 Κυρηναῖοι,
1575 3159 1668 3216 καὶ
1708 3161 1762 3218 οἱ
1801 3165 1958 3220 Μαν-

1931 3251 1958 3266 Α

361 3246 532 3309 τινέες
585 3246 785 3306 ἔδοσαν
832 3244 1005 3323 ἄνδρα
1050 3251 1160 3305 τῶν
1206 3244 1391 3304 οἷστῶν
1447 3245 1836 3320 δοκιμώτατον,
1882 3273 1959 3324 τῳ

2112 3269 2188 3288 ,⁴
