2267 3517
297 97 398 144 228
914 91 1286 146 ἮΡοΔοΤοτ·
1766 83 1898 162 [ΙΠ.

198 176 277 235 56
299 173 536 235 πάππον
557 175 802 254 δημοσίῃ
825 175 939 238 fian}
968 178 1211 252 Σαμίων.
1280 175 1708 253 Λακεδαιμόνιοι
1734 177 1811 248 δὲ,
1833 177 1905 242 ὥς

297 266 412 336 σφι
449 260 865 337 τεσσεράκοντα
896 262 1232 343 ἐγεγόνεσαν
1262 262 1465 341 ἡμέραι
1505 265 1904 340 πολιορκέουσι

299 348 491 426 Σάμον
518 354 572 411 ἐς
594 347 662 408 τὰ
689 349 886 425 πρόσω
909 375 973 409 τε
999 349 1157 410 οὐδὲν
1189 349 1568 428 προεκόπτετο
1590 355 1701 411 τῶν
1726 377 1903 434 πρηγ-

297 436 521 514 μάτων,’
547 435 999 498 ἀπαλλάσσοπο
1040 443 1098 501 ἐς
1137 437 1603 515 Πελοπόννησον·
1658 438 1728 502 ὦς
1770 440 1831 499 δὲ
1869 438 1903 500 ὅ

296 524 662 602 ματαιότερος
714 523 888 606 λόγος
941 525 1209 603 ὥρμηται,
1252 527 1479 606 λέγεται
1530 526 1905 603 Πολυκράτεα

304 613 599 692 ἐπιχώριον
618 613 870 690 νόμισμα
897 612 1149 691 κόψαντα
1164 610 1387 674 πολλόν
1406 613 1719 690 μολύβδου,
1740 641 1903 674 κατα-

301 701 676 779 χρυσώσαντα
715 700 911 761 δοῦναί
921 756 926 762 .
945 706 1076 776 σφι·
1130 702 1261 765 τούς
1300 702 1361 762 δὲ
1398 701 1727 779 δεξαμένους
1762 702 1904 762 οὕτω

305 787 374 862 δὴ
401 787 916 848 ἀπαλλάσσεσθαι.
996 788 1204 866 ταύτην
1243 789 1469 867 πρώτην
1509 791 1817 867 στρατηίην
1849 795 1906 854 ἐς

305 876 409 951 τὴν
433 875 639 952 Ἀσίην
665 875 1094 953 Λακεδαιμόνιοι
1122 878 1360 954 Δωριέες
1385 875 1743 953 ἐποιήσαντο.

208 964 286 1023 57
386 967 462 1023 Οἳ
502 963 548 1023 δ’
589 965 682 1024 ἐπὶ
719 963 822 1025 τᾶν
861 964 1236 1042 Πολυκράτεα
1276 965 1757 1042 στρατευσάμενοι
1780 966 1904 1030 ’Σα-

302 1050 460 1128 μίων,
489 1053 608 1112 ἐπεὶ
634 1054 688 1111 οἶ
713 1051 1141 1128 Λακεδαιμόνιοι
1168 1051 1368 1115 αὗτοῦς
1392 1051 1721 1113 α’πολείπειν
1746 1054 1906 1132 ἔμελ-

303 1143 425 1210 λον,
460 1140 553 1198 καὶ
592 1139 750 1199 αὐτοὶ
789 1139 1076 1199 ἀπέπλεον
1101 1145 1158 1204 ἐς
1192 1140 1426 1215 Σίφνον·
1466 1140 1770 1220 χρημάτων
1792 1141 1905 1220 γοῖρ

253 1283 256 1286 .
306 1225 538 1296 ἐδέοντο,
553 1228 625 1287 τοὶ
651 1227 710 1286 δὲ
735 1230 844 1286 τῶν
869 1225 1115 1302 Σιφνίων
1141 1227 1447 1307 πρήγματα
1470 1227 1684 1304 ἤκμαζε
1707 1233 1908 1290 τοῦτον

304 1313 405 1373 τόν
434 1313 656 1392 χρόνον·
697 1315 790 1373 καὶ
825 1315 1137 1390 νησιωτέων
1168 1315 1425 1392 μάλιστα
1456 1315 1760 1376 ἐπλούτεον
1784 1314 1908 1396 (ἅτε

312 1401 510 1461 ἐόντων
548 1401 770 1461 αὐτοῖσι
809 1405 868 1460 ἐν
901 1405 974 1480 τῇ
1015 1401 1170 1481 νήσῳ
1200 1404 1457 1481 χρυσέων
1496 1403 1588 1461 καὶ
1628 1401 1909 1484 ἀργυρέων

307 1487 624 1567 μετάλλων)
663 1488 806 1548 οὕτω
841 1487 988 1549 ὥστε
1019 1487 1132 1549 οἷπό
1168 1494 1269 1564 τῆς
1302 1489 1533 1566 δεκάτης
1554 1493 1666 1551 τῶν
1688 1491 1907 1571 γινομέ-

306 1601 414 1636 νων
452 1574 685 1636 αὐτόθεν
721 1576 1022 1656 χρημάτων
1055 1575 1339 1654 θησαυρᾶς
1373 1581 1432 1638 ἐν
1464 1581 1753 1653 Δελφοῖσι
1778 1576 1907 1638 οἴνα-

314 1664 510 1732 κέεται,
552 1661 723 1740 ὁμοῖα
765 1667 920 1724 τοῖσι
970 1663 1497 1724 πλουσιωτάτοισι··
1529 1665 1687 1725 αὐτοὶ
1734 1664 1796 1724 δὲ
1835 1665 1909 1726 τὰ

305 1749 571 1832 γινόμενα
610 1755 689 1831 τῷ
733 1755 958 1831 ἐνιαυτῷ
1002 1751 1219 1832 ἑκάστῳ
1258 1752 1525 1831 χρήματα
1572 1751 1907 1830 διενέμοντο.

307 1838 403 1899 ὅτε
427 1837 502 1900 ὦν
529 1845 812 1901 ἐποιεῦντο
836 1841 936 1900 τόν
957 1841 1261 1918 θησαυρὸν,
1280 1841 1549 1919 ἐχρέωντο
1565 1845 1642 1920 τῷ
1659 1866 1908 1919 χρηστη-

304 1928 422 2006 ρίῳ,
443 1931 492 1987 εἰ
515 1927 738 1989 αὐτοῖσι
761 1927 834 1988 ταῖ
859 1929 1134 2006 παρεόντα
1160 1927 1347 2010 α’γαθά
1376 1927 1467 1987 οἶά
1490 1953 1554 1988 τε
1580 1929 1705 1988 ἐστὶ
1723 1929 1910 1990 πολῦν

307 2015 514 2094 χρόνον
537 2017 898 2095 παραμένειν;
939 2016 979 2091 ἦ
1005 2016 1066 2076 δὲ
1091 2017 1283 2092 Πυθίη
1311 2017 1521 2095 ἔχρησέ
1544 2020 1657 2090 σφι
1681 2015 1835 2076 τάδε·

396 2128 534 2178 Ἀλλ’
559 2131 676 2178 ὅταν
702 2131 750 2178 ἐν
774 2131 937 2191 Σίφνῳ
967 2129 1237 2191 πρυτανῆΐα
1266 2127 1417 2178 λευκοὶ
1446 2129 1649 2190 ’γένηται

405 2203 668 2262 λεύκοφρύς
689 2199 737 2248 τ’
761 2202 930 2262 ἀγορὴ,
955 2202 1070 2248 τότε
1091 2203 1151 2259 δὴ
1175 2202 1250 2250 δεῖ
1265 2199 1531 2262 φράδμονος
1553 2201 1729 2262 ἀνδρὸς,

407 2273 722 2334 φράσσασθαι
743 2273 926 2330 ξύλινόν
945 2286 1003 2319 τε
1023 2270 1177 2332 λόχον
1196 2273 1379 2333 κήρυκά
1399 2271 1449 2319 τ’
1470 2273 1675 2334 ἐρυθρόν.

309 2377 463 2435 τοῖσι
505 2376 566 2436 δὲ
605 2376 894 2451 Σιφνίοισι
924 2374 997 2451 ἦν
1023 2375 1154 2434 τότε
1184 2374 1224 2451 ἦ
1255 2372 1433 2455 άγορή
1466 2375 1559 2433 καὶ
1596 2373 1663 2435 n?
1704 2395 1910 2453 πρυτα·

215 2465 294 2522 58
311 2462 465 2537 νήϊον
497 2464 691 2543 Παρίῳ
725 2464 865 2542 λίθῳ
897 2462 1211 2538 η’σκημένα.
1278 2466 1491 2522 Τοῦτον
1522 2461 1619 2522 τᾶν
1645 2463 1911 2542 χρησμόν

311 2548 413 2609 οὐκ
449 2549 561 2610 οἶοί
593 2576 656 2610 τε
694 2550 846 2626 ἦσαν
884 2554 1106 2632 γνῶναι,
1149 2549 1275 2610 οὔτε
1313 2548 1443 2610 τότε
1486 2549 1603 2614 ἰθῦς
1638 2549 1769 2610 οὔτε
1801 2555 1911 2611 τῶν

314 2639 537 2715 Σαμίων
565 2637 900 2720 ἀπιγμένων·
945 2639 1070 2698 ἐπεί
1097 2663 1162 2698 τε
1200 2638 1311 2719 γσῖρ
1347 2636 1593 2717 τάχιστα
1628 2637 1771 2714 πρὸς
1807 2637 1912 2714 τήν

314 2727 526 2801 Σίφνον
551 2727 873 2804 προσίσχον
899 2729 956 2786 οἶ
982 2724 1249 2802 Σάμιοι,”
1220 2751 1467 2802 επεμπον
1491 2729 1602 2785 τῶν
1627 2728 1765 2786 νεῶν
1777 2724 1913 2801 μίαν

309 2814 600 2891 πρέσβεας
644 2840 898 2897 αγουσαν
942 2819 997 2878 ἐς
1036 2839 1143 2890 την
1183 2813 1371 2873 πόλιν.
1453 2837 1520 2873 το
1564 2813 1625 2872 δὲ
1665 2812 1913 2872 παλαιον

313 2899 533 2961 ἅπασαι
565 2905 623 2961 αἶ
653 2907 780 2978 νῆες
807 2901 957 2978 ἦσαν
995 2901 1385 2979 μιλτηλιφέες·
1428 2900 1520 2959 καὶ
1546 2899 1616 2975 ἦν
1642 2904 1815 2963 τοῦτο
1844 2899 1911 2960 τό

311 2988 351 3065 ἦ
389 2991 579 3066 Πυθίη
616 2989 958 3070 προηγόρευε
997 2992 1153 3048 τοῖσι
1196 2989 1501 3065 Σιφνίοισι,
1546 2987 1915 3064 φυλάξασθαι

313 3076 414 3137 τόν
459 3078 682 3148 ξύλινον
729 3076 906 3155 λόχον
937 3076 1245 3135 κελεύουσα
1280 3075 1373 3135 καὶ
1414 3074 1623 3151 κήρυκα
1662 3074 1912 3151 ἐρυθρόν·

313 3163 638 3242 οἷπικόμενοι
669 3164 744 3224 ὧν
779 3167 833 3222 οἱ
865 3163 1100 3245 ἄγγελοι
1127 3163 1346 3224 ἐδέοντο
1372 3165 1483 3222 τῶν
1510 3161 1756 3236 Σιφνίων
1781 3159 1916 3219 δέκα

311 3249 564 3312 τάλαντά
589 3259 702 3327 σφι
727 3256 960 3331 χρῆσαι·
1003 3249 1070 3308 οὗ
1097 3249 1432 3326 φασκόντων
1457 3247 1517 3308 δὲ
1541 3246 1780 3326 χρήσειν
1803 3249 1917 3306 τῶν
