2267 3517
341 129 442 176 222
931 125 1299 176 ·11P0Ao·ro⁴r
1417 152 1420 155 -
1802 127 1931 191 [111.

339 204 432 267 ὅτι
452 207 746 283 ἐκκομίσαι
769 231 832 266 τε
858 205 1125 266 ἀδύνατον
1151 206 1237 281 εἴη
1262 204 1532 285 ἀνθρώπῳ
1557 205 1845 283 ἄνθρωπον
1871 213 1934 267 ἐκ

339 297 440 354 τοῦ
473 295 785 370 μέλλοντος
817 294 1074 376 γίνεσθαι
1107 292 1452 374 πρήγματος,
1492 294 1584 352 καὶ
1620 293 1708 354 ὅτι
1744 293 1842 354 οὐκ
1875 295 1935 356 εὖ

339 381 695 456 τελευτήσειν
718 383 920 458 μέλλει
944 379 1315 458 Πολυκράτης
1342 379 1610 461 εὐτυχέων
1633 380 1705 440 τά
1733 381 1933 454 πάντα,

339 469 401 533 ὂς
427 470 519 528 καὶ
548 469 620 529 τά
645 467 971 545 ἀποβάλλει
997 468 1257 545 εὖρίσκει·
1297 469 1523 547 πέμψας
1548 468 1611 528 δέ
1641 472 1695 528 οἱ
1724 469 1936 546 κήρυκα

341 563 398 622 ἐς
448 556 641 634 Σάμον
685 556 1016 618 διαλύεσθαι
1067 557 1179 632 ἔφη
1224 554 1329 631 τὴν
1374 555 1596 632 ξεινίην.
1688 556 1813 639 [τοῦ
1865 558 1935 634 δή

341 645 519 705 εἵνεκα
562 648 740 704 ταῦτα
785 644 985 704 ἐποίεε·
1039 643 1129 703 ἵνα
1167 643 1267 720 μή,
1308 645 1609 723 συντυχίης
1651 644 1831 720 δεινῆς
1870 672 1934 706 τε

341 732 432 793 καὶ
459 733 711 814 μεγάλης
742 723 1112 808 Πολυκράτεα
1144 729 1597 808 καταλαβούσης,
1631 730 1797 796 αὗτᾶς
1834 732 1935 792 ἀλ-

337 820 535 902 γήσειε
556 821 660 896 τὴν
685 819 873 899 ψυχὴν
899 819 970 883 ὥς
992 819 1120 896 περὶ
1147 819 1327 888 ξείνου
1352 817 1592 900 ἀνδρός]

245 911 324 970 44
419 907 550 968 Ἐπὶ
573 912 771 969 τοῦτον
791 907 858 983 δή
888 907 962 967 ὦν
986 905 1086 966 τὸν
1112 906 1485 984 Πολυκράτεα
1512 906 1842 986 εὐτυχέοντα
1859 908 1933 968 τά

337 996 522 1058 πάντα
552 995 948 1073 ἐστρατεύοντο
973 993 1417 1070 Λακεδαιμόνιοι,
1446 995 1935 1071 ἐπικαλεσαμένων

338 1090 448 1146 τῶν
481 1085 626 1163 μετ-ἀ
658 1088 836 1144 ταῦτα
860 1083 1148 1158 Κυδωνίην
1178 1082 1284 1158 τήν
1314 1087 1371 1142 ἐν
1400 1082 1599 1161 Κρήτῃ
1627 1083 1935 1144 κτισάντων

340 1174 582 1251 Σαμίων.
648 1169 1017 1249 Πολυκράτης
1055 1171 1116 1230 δὲ
1149 1171 1377 1249 πέμψας
1415 1169 1566 1248 παρὰ
1609 1170 1935 1248 Καμβύσεα

335 1262 436 1322 τόν
471 1262 662 1339 Κύρου
696 1261 1053 1342 συλλέγοντα
1085 1257 1333 1336 σ’-τρατόν
1368 1257 1451 1318 ἐπ’
1486 1260 1788 1339 Αἴγυπτον,
1823 1259 1934 1319 ἐδε-

335 1346 448 1425 ήθη
467 1348 604 1412 ὅκως
628 1347 698 1409 ἂν
718 1348 811 1407 καὶ
833 1346 963 1424 παρ’
985 1345 1187 1407 ἐωυτὸν
1203 1347 1431 1425 πέμψας
1457 1350 1512 1409 ἐς
1538 1345 1732 1422 Σάμον
1752 1347 1934 1407 δέοιτο

339 1440 603 1512 στρατοῦ·
645 1433 972 1512 Καμβύσης
1006 1435 1067 1493 δὲ
1103 1432 1351 1498 ἀκούσας
1389 1432 1597 1494 τούτων
1634 1432 1935 1510 προθύμως

341 1525 551 1602 ἔπεμψε
598 1528 653 1587 ἐς
699 1521 907 1598 Σάμον,
949 1521 1206 1598 δεόμενος
1251 1520 1648 1599 Πολυκράτεος
1686 1522 1933 1598 στρατόν

339 1609 597 1672 ναυτικὸν
642 1609 760 1688 ἅμα
805 1609 1026 1687 πέμψαι
1079 1613 1256 1688 ἑωυτῷ
1302 1607 1386 1670 ἐπ’
1428 1611 1731 1690 Αἴγυπτον·
1786 1608 1821 1670 ὁ
1872 1610 1933 1670 δὲ

340 1699 598 1769 ἐπιλέξας
646 1703 757 1759 τῶν
807 1696 998 1758 ἀστῶν
1048 1695 1178 1761 τούς
1228 1696 1517 1758 &mimi-ve
1566 1697 1824 1774 μάλιστα
1876 1702 1933 1762 ἐς

341 1787 739 1856 ἐπανάστασιν,
769 1785 1064 1862 ἀπέπεμπε
1094 1785 1512 1863 τεσσεράκοντα
1545 1784 1816 1862 τριήρεσι,
1850 1789 1930 1845 ἐν·

336 1874 661 1952 τειλάμενος
685 1873 981 1954 Καμβύσῃ
999 1872 1186 1934 ὀπίσω
1208 1873 1436 1937 τούτους
1458 1872 1540 1950 μὴ
1560 1871 1930 1949 ἀποπέμπειν.

244 1964 320 2024 45
341 1965 415 2022 Οἱ
437 1966 542 2040 μὲν
559 1963 628 2040 δὴ
648 1964 886 2044 λέγουσι
908 1961 1037 2026 τοῦς
1057 1961 1531 2039 ἀποπεμφθέντας
1557 1961 1779 2037 Σαμίων
1796 1960 1931 2042 [in-6

338 2049 755 2132 Πολυκράτεος]
782 2047 883 2110 οὐκ
908 2048 1211 2109 ἀπικέσθαι
1237 2053 1293 2113 ἐς
1316 2048 1619 2130 Αἴγυπτον·
1652 2045 1783 2107 ἀλλ’
1810 2048 1938 2107 ἐπεί

338 2163 401 2198 τε
453 2139 706 2220 ἐγένοντο
752 2142 811 2197 ἐν
856 2135 1146 2215 Καρπάθῳ
1191 2136 1472 2207 πλέοντες,
1520 2135 1713 2195 δοῦναί
1753 2142 1931 2212 σφισι

339 2225 512 2307 λόγον
538 2226 635 2284 καί
657 2230 769 2300 σφι
795 2224 944 2283 ἀδεῖν
962 2223 1027 2283 τό
1047 2225 1384 2300 προσωτέρω
1408 2223 1606 2300 μηκέτι
1629 2222 1840 2283 πλέειν·
1874 2227 1929 2283 οἱ

339 2313 414 2371 δέ
432 2312 669 2394 λέγουσι
699 2310 1066 2387 ἀπικομένους
1093 2335 1157 2369 τε
1189 2315 1245 2373 ἐς
1269 2311 1556 2391 Αἴγυπτον
1585 2311 1678 2369 καὶ
1704 2315 1928 2386 φυλασ-

338 2401 626 2476 σομένους,
661 2400 910 2458 ἐνθεῦτεν
947 2397 1149 2461 αὐτοῦς
1178 2396 1505 2475 ἀποδρῆναι·
1548 2399 1931 2458 καταπλέουσι

339 2487 401 2546 δὲ
431 2491 486 2549 ἐς
513 2486 618 2560 τὴν
645 2484 1234 2563 Σάμον-Πολυκράτης
1260 2487 1427 2561 νηυσὶ
1452 2485 1720 2550 ἀντιάσας
1747 2490 1802 2550 ἐς
1824 2486 1929 2562 μά-

337 2599 448 2652 χην
478 2575 740 2650 κατέστη·
779 2572 1105 2649 νικήσαντες
1140 2573 1199 2632 δὲ
1238 2574 1292 2633 οἶ
1325 2572 1604 2638 κατιόντες
1624 2572 1930 2651 ἀπέβησαν

342 2667 398 2724 ἐς
429 2660 534 2737 τὴν
562 2665 758 2737 νῆσον·
799 2659 1293 2739 πεζομαχήσαντες
1319 2661 1379 2720 δὲ
1412 2665 1471 2720 ἐν
1500 2659 1647 2740 αὐτῇ
1679 2661 1929 2737 ἑσσώθη-

341 2774 469 2809 σαν·
511 2749 604 2808 καὶ
636 2747 778 2809 οὕτω
804 2748 872 2825 δή
907 2749 1108 2808 ἔπλεον
1139 2753 1195 2812 ἐς
1224 2749 1635 2826 Λακεδαίμονα.
1703 2750 1839 2828 (εἰσὶ
1869 2749 1931 2808 δὲ

342 2836 399 2894 οἳ
423 2837 657 2917 λέγουσι
690 2834 819 2898 τούς
853 2834 947 2894 ἀπ’
975 2834 1263 2915 Αἰγύπτου
1290 2839 1515 2911 νικῆσαι
1541 2835 1929 2913 Πολυκράτεα,

343 2923 617 3004 λέγοντες,
659 2922 784 2998 ἐμοὶ
823 2921 1046 2992 δοκέειν,
1089 2921 1191 2980 οὐκ
1230 2922 1423 2999 ὀρθῶς·
1470 2920 1629 2982 οῦδὲν
1665 2923 1777 3003 γάρ
1818 2922 1932 2982 ἔδεε

342 3012 527 3086 σφέας
575 3009 1044 3084 Λακεδαιμονίους.
1095 3010 1508 3078 ἐπικαλέεσθαι,
1564 3009 1717 3085 εἴπερ
1772 3008 1933 3069 αὐτοὶ

344 3099 520 3158 ἱκανοὶ
556 3097 706 3174 ἦσαν
744 3096 1116 3172 Πολυκράτεα
1154 3096 1653 3173 παραστήσασθαι·
1692 3096 1833 3173 πρὸς
1871 3096 1932 3155 δὲ

341 3185 608 3256 τούτοισι,
625 3183 750 3245 οὐδὲ
775 3181 948 3261 λόγος
973 3183 1160 3259 αἱρέει,
1174 3187 1253 3261 τῷ
1271 3183 1556 3259 ἐπίκουροί
1576 3206 1639 3241 ,τε
1657 3183 1935 3258 μισθωτοὶ

350 3271 437 3330 ml
464 3271 689 3343 τοξόται
713 3267 916 3344 obtritos.
937 3267 1088 3345 ἦσαν
1109 3269 1319 3338 πλήθεΐ
1347 3268 1559 3329 πολλοὶ
1591 3271 1789 3330 τοῦτον
1820 3267 1935 3329 ὖπό
