2267 3517
329 153 516 219 9-13]
967 156 1292 207 E'r'ml’nn.
1831 160 1930 207 113

328 235 545 312 ἠμέρην
583 237 811 318 γίνεται.
894 237 1081 313 ἔτερον
1123 240 1378 297 τοιοῦτον
1426 238 1640 298 κόλπον
1684 238 1778 296 καὶ
1825 236 1932 312 τὴν

329 324 614 403 Αἴγυπτον
634 323 805 382 δοκέω
820 324 1085 403 γενέσθαι
1105 348 1222 383 κου·
1257 322 1358 385 τόν
1375 327 1479 402 μὲν
1499 330 1560 383 ἐκ
1577 327 1679 407 τῆς
1693 324 1931 401 βορηΐης

331 410 632 486 θαλάσσης
674 409 889 472 κόλπον
930 412 1204 490 ἐσέχοντα
1246 412 1338 471 ἐπὶ
1379 412 1689 487 Αἰθιοπίης·
1729 412 1830 472 τόν
1869 412 1931 472 δὲ

329 497 641 580 [“Αράβιον,
660 497 760 558 τόν
786 499 1021 577 ἔρχομαι
1046 498 1246 581 λέξων]
1273 504 1333 559 ἐκ
1351 502 1454 575 τῆς
1477 501 1660 576 νοτίης
1685 500 1932 577 φέροντα

332 587 424 645 ἐπὶ
467 587 685 662 Συρίης·
727 586 934 665 σχεδόν
959 588 1062 664 μὲν
1088 586 1405 662 ἀλλήλοισι
1443 587 1932 664 συντετραίνοντας

329 672 459 737 τούς
510 672 739 751 μυχοῧς,
792 671 991 755 ὀλίγον
1041 673 1105 733 δέ
1151 698 1209 733 τι
1257 673 1777 751 παραλλάσσοντας
1827 679 1936 752 τῆς

328 760 531 839 χώρης·
582 765 631 821 εἰ
676 759 753 821 ὧν
796 760 865 837 δὴ
913 760 1174 835 ἐθελήσει
1220 763 1481 840 ἐκτρέψαι
1519 761 1586 822 τό
1627 762 1855 840 ῥέεθρον
1895 762 1932 824 6

332 852 541 913 Νεῖλος
567 853 622 913 ἐς
646 853 846 909 τοῦτον
863 856 963 909 τόν
985 847 1263 925 Ἀράβιον
1289 849 1518 919 κόλπον,
1535 850 1596 909 τί
1615 875 1714 927 μιν
1733 848 1932 911 κωλύει

329 937 553 1013 ῥέοντος
568 936 767 998 τούτου
788 936 1186 1017 ἐκχωσθῆναι’
1161 936 1313 1001 εντός
1333 963 1401 1047 γε
1421 938 1768 1015 δισμυρίων·
1743 940 1930 1009 ετέων;

332 1024 441 1104 ἐγω
474 1028 579 1102 μὲν
601 1051 713 1107 γαρ
741 1024 991 1101 ἔλπομαί
1009 1048 1078 1104 γε
1105 1025 1198 1083 καὶ
1222 1025 1431 1102 μυρίων
1456 1023 1609 1088 ἐντός
1639 1026 1930 1105 χωσθῆναι

332 1136 419 1171 αν·
460 1116 559 1171 κοῢ
590 1136 658 1192 γε
684 1110 807 1187 δῆ’
782 1138 840 1171 εν
862 1116 939 1191 τῷ
964 1112 1499 1191 προαναισιμωμένω
1529 1111 1711 1191 χρόνῳ
1737 1112 1932 1189 πρότε-

331 1222 434 1275 ρον
482 1196 521 1274 ἢ
576 1202 673 1276 ἐμὲ
723 1170 989 1280 γενέσθαι
1040 1197 1142 1259 οὐκ
1185 1197 1254 1260 αν
1293 1199 1542 1277 χωσθείη
1585 1198 1796 1262 κόλπος
1840 1200 1933 1259 καὶ

332 1289 533 1365 πολλῷ
570 1286 747 1362 μέζων
773 1287 855 1346 ἔτι
882 1284 1097 1357 τούτου,
1125 1284 1238 1346 ὖπό
1273 1284 1548 1347 τοσούτου
1577 1312 1640 1347 τε
1671 1291 1928 1364 ποταμοῦ

332 1374 427 1432 καὶ
452 1372 621 1438 οὕτως
647 1378 935 1455 ἐργατικοῦ
942 1400 959 1444 ;
1002 1374 1087 1433 Τὰ
1105 1374 1233 1451 περὶ
1252 1375 1538 1455 Αἴγυπτον
1563 1373 1639 1435 ὧν
1659 1374 1752 1433 καὶ
1776 1377 1930 1435 τοῖσι
1951 1377 2026 1435 12

331 1461 568 1542 λέγουσι
595 1460 737 1521 αὖτιιῖ
762 1462 1043 1538 πείθομαι,
1073 1462 1168 1521 καὶ
1200 1460 1365 1525 αὖτός
1393 1461 1533 1522 οὕτω
1560 1461 1736 1540 κάρτα
1763 1463 1932 1522 δοκέω

332 1548 487 1621 εἶναι,
517 1548 641 1609 ἰδών
666 1574 729 1611 τε
764 1548 869 1625 τὴν
893 1550 1183 1629 Αἴγυπτον
1205 1550 1572 1627 προκειμένην
1611 1552 1713 1626 τῆς
1740 1550 1934 1629 ἐχομέ-

278 1678 283 1683 -
329 1662 427 1713 νης
466 1641 590 1719 γῆς,
634 1636 914 1719 κογχύλιά
953 1662 1017 1696 τε
1060 1636 1372 1713 φαινόμενα
1407 1638 1499 1696 ἐπὶ
1527 1640 1681 1698 τοῖσι
1722 1636 1930 1714 οὔρεσι,

330 1726 423 1787 καὶ
469 1724 659 1802 ἅλμην
707 1725 1089 1785 ἐπανθέουσαν
1142 1724 1288 1784 ὥστε
1335 1724 1428 1783 καὶ
1477 1724 1578 1787 τοὶς
1622 1720 1934 1803 πυραμίδας

330 1812 648 1889 δηλέεσθαι,
677 1812 771 1872 καὶ
798 1812 1033 1892 ψάμμον
1068 1815 1276 1889 μοῦνον
1301 1812 1588 1893 Αἰγύπτου
1613 1810 1740 1889 ὄρος
1764 1817 1932 1873 τοῦτο

328 1900 395 1961 τὰ
421 1902 559 1980 ὖπὲρ
592 1903 863 1979 Μέμφιος
902 1902 1051 1980 ἔχον·
1092 1899 1234 1977 πρός
1272 1899 1350 1971 δὲ,
1390 1903 1464 1979 τῇ
1502 1900 1657 1980 χώρῃ
1698 1900 1824 1960 οὕτε
1859 1904 1932 1979 τῇ

328 1987 574 2069 Ἀραβίῃ
598 1989 895 2069 προσούρῳ
924 1988 1095 2067 ἐούσῃ
1117 1986 1224 2065 τὴν
1239 1988 1524 2068 Αἴγυπτον
1541 1989 1929 2065 προσεικέλην,

333 2076 458 2135 οὔτε
480 2082 551 2155 τῇ
570 2077 779 2156 Λιβύῃ,
808 2076 873 2137 οὗ
896 2076 1013 2155 μὴν
1038 2075 1163 2136 οὐδὲ
1187 2079 1260 2155 τῇ
1286 2075 1475 2154 Συρίῃ,
1493 2075 1618 2155 (τῆς
1639 2074 1750 2155 ’γάρ
1767 2074 1934 2151 Ἀρα-

330 2165 465 2240 βίης
507 2164 579 2224 τιὶ
622 2162 778 2242 παριὶ
839 2164 1146 2224 θάλασσαν
1190 2162 1384 2240 Σύριοι
1428 2163 1728 2244 νέμονται,)
1777 2161 1933 2221 ἀλλὰ

329 2249 677 2333 μελάγγαιόν
719 2276 783 2311 τε
828 2251 921 2311 καὶ
967 2250 1490 2331 κατερρηγνυμένην,
1538 2248 1682 2310 ὥστε
1729 2253 1935 2310 ἐοῦσαν

332 2338 459 2399 ἰλύν
486 2364 549 2399 τε
592 2340 685 2399 καὶ
710 2337 989 2419 πρόχυσιν
1020 2338 1083 2408 ἐξ
1115 2338 1410 2413 Αἰθιοπίης
1447 2336 1933 2417 κατενηνειγμένην

329 2426 440 2487 ὖπό
465 2431 566 2488 τοῦ
590 2432 865 2504 ποταμοῦ·
905 2452 1012 2502 την
1038 2425 1099 2485 δε
1123 2425 1348 2502 Λιβύην
1373 2425 1530 2502 ἴδμεν
1571 2424 1933 2502 ἐρυθροτέρην

330 2540 393 2575 τε
416 2519 523 2596 γῆν
550 2518 643 2577 καὶ
676 2514 1168 2594 ὑποψαμμοτέρην,
1193 2539 1299 2589 την
1342 2514 1403 2573 δὲ
1435 2512 1714 2591 Ἀραβίην
1738 2538 1802 2573 τε
1841 2513 1934 2571 καὶ

332 2604 539 2679 Συρίην
562 2604 1043 2685 ἀργιλωδεστέρην
1066 2626 1129 2661 τε
1158 2602 1250 2660 καὶ
1273 2598 1590 2678 ὖπόπετρον
1617 2604 1840 2659 ἐοῦσαν.

400 2689 646 2772 Ἔλεγον
670 2691 729 2749 δὲ
755 2691 847 2749 καὶ
880 2690 1010 2750 τόδε
1037 2713 1138 2766 μοι
1163 2688 1312 2769 μέγα
1335 2688 1634 2765 τεκμήριον
1663 2688 1791 2763 περὶ
1832 2690 1933 2763 τῆς
1952 2687 2030 2747 13

329 2776 514 2858 χώρης
555 2779 757 2854 ταύτης
802 2781 857 2838 οἱ
904 2777 1059 2855 ἱρέες,
1108 2775 1181 2839 ὥς
1228 2776 1321 2834 ἐπὶ
1355 2776 1595 2853 Μοίριος
1639 2773 1934 2850 βασιλέος,

330 2866 469 2929 ὅκως
492 2866 649 2926 ἔλθοι
668 2865 700 2926 ὁ
724 2864 978 2941 ποταμός
996 2864 1087 2947 ἐπὶ
1112 2861 1258 2924 ὄκτιό
1282 2862 1496 2940 πήχεας
1513 2861 1581 2923 τό
1609 2859 1930 2941 ἐλάχιστον,

330 2952 567 3031 ἄρδεσκε
607 2954 894 3035 Αἴγυπτον
933 2952 1038 3029 τὴν
1076 2952 1260 3029 ἔνερθε
1296 2951 1586 3028 Μέμφιος·
1628 2951 1720 3008 καὶ
1758 2948 1935 3026 Μοίρι

330 3039 397 3101 οὔ
424 3068 499 3100 κω
519 3041 590 3118 ἦν
616 3042 739 3101 ετεα
765 3038 1048 3101 εἰνακόσια
1071 3036 1549 3114 τετελευτηκότι”
1519 3062 1612 3097 οτε
1637 3039 1748 3095 τῶν
1777 3035 1933 3112 ιρέων

328 3133 505 3189 ταῦτα
548 3129 655 3211 ἐγω
690 3127 914 3205 ἤκουον·
971 3131 1069 3187 νῦν
1112 3125 1259 3197 δὲ*
1224 3152 1296 3235 ην
1330 3151 1410 3202 μη
1449 3124 1532 3184 ἐπ’
1583 3120 1926 3181 ἑκκαίδεκα*
1891 3146 1930 3195 η

327 3218 719 3278 πεντεκαίδεκα
743 3214 961 3293 πήχεας
986 3214 1176 3293 ἀναβῇ
1194 3214 1261 3273 τό
1283 3212 1586 3289 ἐλάχιστον
1611 3208 1644 3267 ὁ
1660 3204 1931 3282 ποταμὸς,

330 3306 431 3367 οὔκ
456 3306 783 3433 υῶερβαίνει
819 3309 875 3366 ἐς
897 3302 1001 3379 τήν
1026 3300 1234 3380 χώρην.
1273 3294 1580 3402 .δοκέουσί
1617 3318 1679 3353 τε
1712 3317 1810 3368 μοι
1836 3296 1932 3352 Αἰ-
