2267 3517
304 138 370 186 42
503 180 512 185 ,
915 130 1282 180 ἭΡοΔοΤοΤ
1837 129 1905 195 [1.

239 243 245 249 ·
303 213 445 273 κατὰ
470 213 536 273 τὸ
563 210 713 273 ἄλλο
747 217 933 291 τεῖχος
963 211 1299 288 περιενείκας
1331 215 1403 289 τῇ
1440 210 1510 287 ἦν
1536 212 1816 289 ἐπίμαχον
1842 211 1909 271 τό

302 301 506 381 χωρίον
535 305 637 375 τῆς
668 299 1021 377 ἀκροπόλιος,
1057 298 1415 377 κατηλόγησε
1450 297 1665 366 τούτου,
1702 297 1773 361 ὥς
1817 298 1909 358 ε’ὁν

307 387 528 467 ἄμαχόν
551 414 614 448 τε
645 389 737 447 καὶ
770 386 1073 464 ἀπότομον·
1117 388 1238 445 ἔστι
1271 386 1329 444 δὲ
1354 384 1496 462 πρός
1526 390 1627 444 τοῦ
1669 384 1910 462 Τμώλου

303 476 678 551 τετραμμένον
701 479 802 549 τῆς
826 474 1044 537 πόλιος.
1128 472 1163 533 ὁ
1203 472 1277 533 ὦν
1313 473 1381 549 δὴ
1417 472 1709 549 εΥροιοῖδης
1746 472 1912 537 ank-<35

302 561 360 645 [ὁ
389 562 658 643 Μάρδος,]
691 562 816 621 ῑὸὢν
840 566 911 639 τῇ
937 560 1239 638 προτεραίῃ
1264 564 1376 620 τῶν
1400 560 1524 620 τινοὶ
1549 562 1745 621 Λυδῶν
1770 561 1911 621 καταῖ

303 655 470 710 τοῦτο
495 655 596 725 τῆς
621 649 959 726 ἀκροπόλιος
985 649 1311 725 καταβάντα
1349 648 1439 707 ἐπὶ
1476 650 1668 724 κυνέην
1704 647 1911 709 ἄνωθεν

307 738 830 808 κατακυλισθεῖσαν,
869 737 961 795 καὶ
1007 735 1359 813 ἀνελόμενον,
1406 735 1668 813 ἐφράσθη
1714 738 1806 795 καὶ
1853 742 1909 799 ἐς

308 824 484 901 θυμὸν
509 823 772 899 ἐβάλετο.
814 824 940 884 τότε
972 823 1033 882 δὲ
1063 823 1131 899 δὴ
1172 824 1205 883 ὅ
1242 822 1407 887 αὐτός
1435 849 1499 882 τε
1530 822 1903 900 ἀναβεβήκεε,

311 913 403 971 καὶ
431 911 548 971 κατ’
575 911 742 972 αὖτὸν
767 910 940 971 ἄλλοι
966 912 1235 989 Περσέων
1262 910 1576 987 ἀνέβαινον·
1618 910 1911 989 προσβάν-

307 1026 415 1059 των
455 1000 514 1058 δὲ
546 1004 783 1079 συχνῶν,
822 998 963 1059 οὕτω
1000 998 1071 1075 δή
1112 998 1345 1076 Σάρδιές
1382 1023 1447 1059 τε
1485 998 1783 1076 ἡλώκεσαν
1818 1000 1911 1059 καὶ

309 1091 424 1147 πᾶν
447 1086 513 1148 τὸ
541 1087 686 1147 ἄστυ
712 1088 1027 1165 ἐπορθέετο.

213 1178 289 1237 85
391 1174 532 1235 Κατ’
559 1175 728 1235 αὖτόν
751 1176 812 1234 δὲ
832 1179 1086 1253 Κροῖσον
1109 1174 1244 1234 τάδε
1269 1173 1505 1254 ἐγένετο.
1584 1172 1657 1249 ἦν
1682 1177 1737 1234 οἶ
1760 1177 1907 1244 παῖς,

306 1267 407 1323 τοῦ
433 1264 526 1321 καὶ
549 1262 820 1339 πρότερον
847 1262 1220 1339 ἐπεμνήσθην,
1246 1261 1320 1322 τοὶ
1348 1264 1453 1338 μὲν
1488 1259 1643 1320 ἅλλα
1670 1262 1911 1338 ἐπιεικής

309 1349 528 1426 ἄφωνος
549 1351 626 1409 δέ.
698 1355 756 1409 ἐν
774 1354 847 1429 τῇ
873 1349 947 1409 ὧν
971 1348 1338 1428 παρελθούσῃ
1366 1348 1587 1409 εὐεστοῖ
1605 1349 1637 1409 ὁ
1661 1354 1911 1426 Κροῖσος

307 1437 374 1499 τὸ
401 1442 514 1497 πᾶν
542 1444 596 1501 ἐς
622 1436 790 1498 αὐτὸν
815 1436 1158 1512 ἐπεποιήκεε,
1185 1436 1341 1495 ἅλλα
1378 1461 1442 1495 τε
1475 1437 1911 1515 ἐπιφραζόμενος

311 1527 403 1584 καὶ
431 1525 497 1601 δή
527 1526 616 1583 καὶ
645 1531 700 1587 ἐς
721 1525 984 1601 Δελφούς
1008 1526 1137 1601 περὶ
1163 1524 1331 1584 αὐτοῦ
1354 1523 1675 1601 ἐπεπόμφεε
1698 1550 1910 1603 χρησο-

309 1614 524 1691 μένους·
566 1612 605 1689 ἦ
631 1613 690 1672 δὲ
717 1613 904 1689 Πυθίη
931 1616 982 1671 οἶ
1012 1612 1130 1671 εἶπε
1156 1611 1305 1672 τάδε·

405 1737 532 1785 Λυδὲ
563 1737 712 1797 γένος,
752 1737 949 1783 πολλῶν
981 1738 1219 1798 βασιλεῦ,’
1240 1736 1371 1795 μέγα
1404 1735 1544 1795 νήπιε
1578 1735 1771 1797 Κροῖσε,

404 1811 473 1868 μὴ
505 1811 682 1871 βούλευ
716 1810 1007 1856 πολύευκτον
1042 1810 1116 1867 ἰὴν
1152 1810 1243 1856 ἀνὰ.
1276 1808 1453 1867 δώματ’
1490 1808 1675 1855 ἀκούειν

409 1883 577 1931 παιδὸς
611 1882 960 1942 φθεγγομένου.
1029 1882 1087 1928 τὸ
1121 1882 1175 1928 δέ
1207 1898 1284 1929 σοι
1318 1881 1445 1927 πολὺ
1478 1882 1621 1927 λώϊον
1654 1880 1803 1941 ἀμφὶς

408 1955 621 2012 ἔμμεναι·
660 1954 857 2012 αὐδήσει
887 1954 986 2015 γὰρ
1019 1952 1070 2000 ἐν
1103 1952 1255 2011 ἤματι
1288 1954 1477 2014 πρῶτον
1512 1952 1715 2014 ἀνόλβῳ.

309 2054 688 2133 ἁλισκομένου
709 2054 895 2130 δήτοῦ
918 2054 1148 2132 τείχεος,
1170 2052 1257 2129 ἤϊε
1276 2053 1387 2134 γαῖρ
1408 2055 1517 2113 τῶν
1540 2078 1625 2115 τις
1644 2052 1911 2129 Περσέων

307 2142 676 2224 ἀλλογνώσας
717 2146 973 2220 Κροῖσον
1016 2141 1089 2206 ὥς
1125 2141 1483 2211 ἀποκτενέων,
1523 2143 1773 2217 Κροῖσος
1806 2142 1911 2217 μέν

307 2256 405 2305 μιν
449 2230 619 2306 ὁρέων
666 2230 892 2289 ἐπιόντα
933 2230 1045 2289 ὖπό
1089 2234 1194 2307 τῆς
1244 2228 1561 2305 παρεούσης
1612 2232 1911 2305 συμφορῆς

309 2317 714 2393 παρημελήκεε,
738 2316 864 2375 οὐδέ
881 2342 938 2376 τι
958 2320 1012 2375 οἱ
1032 2316 1253 2394 διέφερε
1271 2316 1545 2396 πληγέντι
1566 2313 1908 2375 οἷποθανέειν·

311 2403 342 2463 ὁ
369 2404 427 2462 δὲ
451 2407 582 2465 παῖς
609 2401 767 2466 οὗτος
792 2403 824 2462 ὁ
851 2402 1073 2479 ἄφωνος
1105 2403 1177 2466 ὦς
1217 2403 1328 2462 εἶδε
1364 2402 1589 2463 ἐπιόντα
1622 2402 1724 2463 τᾶν
1764 2404 1910 2479 Πέρ-

311 2517 436 2566 σην,
461 2488 572 2549 im>
599 2490 753 2553 δέους
776 2516 838 2549 τε
865 2491 957 2548 καὶ
994 2494 1167 2549 κακοῦ
1204 2490 1396 2566 ἔρρηξε
1439 2489 1644 2564 φωνήν,
1677 2489 1796 2550 εἶπε
1830 2490 1909 2549 δέ·

310 2576 624 2654 “ὤνθρωπε,
645 2577 725 2652 μή
754 2580 928 2637 κτεῖνε
949 2576 1255 2655 Κροῖσον.”
1338 2574 1498 2639 οὗτος
1520 2578 1625 2651 μὲν
1651 2576 1719 2651 δή
1744 2581 1911 2637 τοῦτο

312 2669 534 2742 πρῶτον
574 2666 905 2745 ἐφθέγξατο·
946 2665 1088 2741 μεταῖ
1122 2665 1183 2724 δὲ
1220 2669 1387 2725 τοῦτο
1422 2661 1529 2739 ἤδη
1570 2662 1775 2739 ἐφώνεε
1812 2666 1912 2725 τὸν

219 2751 294 2808 86
313 2752 495 2813 πάντα
532 2752 736 2832 χρόνον
772 2778 875 2863 της
914 2752 1221 2829 ζόης.οῑ
1257 2753 1341 2815 δὲ.
1357 2753 1581 2828 Πέρσαι
1616 2750 1716 2814 τάς
1745 2776 1809 2812 τε
1842 2752 1912 2828 δη

315 2838 568 2917 Σάρδις”
541 2864 730 2919 εσχον,
753 2842 858 2902 καὶ.
863 2839 1029 2900 αὐτὸν
1048 2844 1304 2951 Κροῖσον
1324 2839 1645 2920 ἐζώγρησαν
1670 2837 1913 2916 ἄρξαντα

314 2929 437 2987 ἔτεα
485 2928 989 3005 τεσσερεσκαίδεκα
1030 2930 1121 2987 καὶ
1160 2921 1664 3005 τεσσερεσκαίδεκα
1702 2927 1914 3034 ημέρας

311 3016 769 3093 πολιορκηθέντα,
787 3042 928 3075 κατα
945 3042 1010 3075 το
1029 3015 1375 3094 χρηστήριόν
1394 3041 1455 3075 τε
1476 3013 1914 3074 καταπαύσαντα

311 3103 414 3179 τήν
456 3108 654 3163 ἑωυτοῦ
694 3102 949 3185 μεγάλην
990 3102 1191 3182 σῖρχήν·
1233 3102 1511 3180 λαβόντες
1552 3102 1611 3161 δὲ
1651 3100 1819 3169 αὐτὸν
1860 3104 1914 3159 οἱ

311 3189 538 3269 Πέρσαι
560 3189 775 3273 ἤγαγον
809 3190 968 3267 παροὶ
1003 3196 1213 3269 Κῦρον·
1256 3190 1290 3251 ὅ
1322 3190 1381 3250 δὲ
1414 3188 1699 3265 συννήσας
1732 3186 1913 3263 πυρὴν

316 3278 581 3359 αεγάλην,
621 3278 940 3355 ἀνεβίβασε
981 3277 1065 3337 ἐπ’
1106 3277 1281 3354 αὐτὴν
1319 3278 1419 3338 τᾶν
1461 3274 1715 3353 Κροῖσόν
1753 3298 1815 3333 τε
1856 3277 1915 3333 ἐν

2232 2394 2254 2432 t-
