2267 3517
392 121 513 188 121]
1032 125 1359 175 nwmffln.
1895 128 1994 181 167

388 198 781 281 χρησαμένους
825 199 957 265 τοῦς
1002 201 1291 278 φυλάκους
1337 201 1848 280 ὖπερμεθυσθῆναι,
1901 205 1997 266 καὶ

392 286 763 365 κρατηθέντας
800 286 911 349 ὖπό
953 293 1055 349 τοῦ
1096 287 1274 350 ὕπνου
1315 287 1485 350 αὐτοῦ
1531 289 1769 368 ἐνθάπερ
1808 292 1996 353 ἔπινον

392 376 885 451 κατακοιμηθῆναι·
918 375 1017 437 τᾶν
1043 376 1119 446 δὲ,
1148 376 1221 440 ὥς
1244 375 1442 454 πρόσω
1466 375 1537 453 ἦν
1561 382 1662 452 τῆς
1687 378 1898 447 νυκτὸς,
1923 378 1994 441 τό

390 488 455 522 τε
487 466 655 539 σῶμα
680 467 783 523 τοῦ
815 462 1096 540 ἀδελφεοῦ
1123 468 1443 524 καταλῦσαι
1471 465 1562 523 καὶ
1591 469 1701 525 τῶν
1727 465 1994 541 φυλάκων

391 550 485 609 ἐπὶ
509 549 662 628 λύμῃ
688 550 909 612 πάντων
934 551 1178 628 ξυρῆσαι
1205 551 1308 615 τάς
1339 550 1519 621 δεξιοῖς
1544 552 1834 629 παρηίδας·
1877 558 1992 614 ἐπι-

392 635 559 697 θέντα
598 638 659 697 δὲ
697 638 797 699 τὸν
836 637 996 700 νέκυν
1036 640 1129 699 ε’πὶ
1167 638 1299 703 τοῦς
1337 637 1497 704 ὅνους
1535 638 1866 701 ἀπελαύνειν
1905 638 1992 701 ἐπ’

391 725 562 796 οἴκου,
585 726 989 789 ἐπιτελέσαντα
1012 730 1085 805 τῇ
1110 727 1284 806 μητρὶ
1308 726 1382 788 τά
1407 727 1858 808 προσταχθέντα·
1890 728 1993 791 τόν

391 811 451 871 δὲ
480 814 753 890 βασιλέα,
780 814 853 880 οἷς
883 814 1031 895 αὐτῷ
1056 814 1394 897 ἀπηγγέλθη
1419 819 1523 877 τοῦ
1551 816 1739 894 φωρὸς
1770 815 1803 877 ὅ
1835 816 1993 882 νέκυς

392 902 843 980 ἐκκεκλεμμένος,
870 902 1021 964 δεινὰ
1046 903 1274 964 ποιέειν·
1309 903 1527 968 πάντως
1552 904 1612 963 δὲ
1635 902 1992 982 βουλόμενον

393 988 681 1066 εὕρεθῆναι
704 988 864 1055 ὅστις
896 995 1025 1053 κοτὲ
1052 991 1137 1068 εἴη
1164 991 1197 1052 ὅ
1222 995 1400 1053 ταῦτα
1426 990 1839 1071 μηχανώμενος,
1866 1018 1986 1052 ποι-

389 1077 537 1149 ἦσαί
554 1102 652 1153 μιν
674 1078 823 1149 τάδε,
851 1080 977 1156 ἐμοὶ
1000 1081 1105 1157 μὲν
1131 1078 1198 1140 οὗ
1221 1079 1419 1141 πιστά·
1451 1078 1556 1154 τήν
1575 1078 1682 1160 [δὲ]
1709 1079 1988 1160 θυγατέρα

389 1160 494 1236 τήν
520 1167 720 1226 ἑωυτοῦ
748 1167 975 1227 κατίσαι
1000 1165 1084 1226 ἐπ’
1105 1166 1422 1244 οἰκήματος,
1446 1166 1827 1243 ἐντειλάμενον
1846 1166 1983 1227 πάν-

390 1273 492 1313 τας
524 1276 589 1311 τε
623 1252 827 1329 ὁμοιως
864 1254 1281 1331 προσδέκεσθαι
1315 1255 1408 1314 καὶ
1440 1254 1573 1332 πρὶν
1609 1254 1986 1336 συγγενέσθαι

391 1333 718 1419 ἀναγκάζειν
747 1340 934 1424 λέγειν
964 1342 1105 1421 αυτ-ᾗ
1130 1341 1166 1403 ὅ
1200 1366 1257 1403 τι
1287 1341 1413 1419 δη’
1387 1368 1446 1403 εν
1478 1346 1556 1421 τῷ
1577 1343 1746 1422 βίω”
1717 1368 1987 1423 εργασται

390 1424 537 1506 αὐτῷ
562 1427 899 1543 σοφώτατον
926 1430 1019 1490 καὶ
1050 1429 1464 1491 ἀνοσιώτατον·
1447 1475 1466 1501 ,
1507 1456 1569 1495 ος
1601 1428 1706 1490 δ’*
1673 1457 1741 1491 αν
1769 1429 1984 1512 ἀπηγή-

388 1536 561 1589 σηται
596 1542 673 1577 τα
710 1518 840 1596 περὶ
879 1517 981 1580 τόν
1020 1521 1186 1595 φῶρα
1217 1517 1573 1600 γεγενημένα,
1609 1522 1808 1580 τοῦτον
1842 1521 1982 1578 συλ-

384 1604 705 1680 λαμβάνειν
747 1607 843 1667 καὶ
886 1605 966 1684 μὴ
1009 1605 1232 1667 ἀπιέναι
1278 1606 1397 1677 ἔξω·
1452 1604 1525 1670 ὥς
1565 1605 1625 1666 δὲ
1662 1604 1768 1683 τήν
1807 1605 1981 1665 παῖδα

382 1691 593 1755 ποιέειν
626 1694 700 1757 τά
737 1700 797 1755 ἐκ
834 1699 936 1757 τοῦ
971 1693 1181 1771 πατρὸς
1215 1693 1662 1775 προσταχθέντα,
1688 1694 1788 1755 τόν
1814 1696 1978 1770 φῶρα

382 1780 698 1860 πυθόμενον
721 1787 833 1844 τῶν
858 1782 1039 1843 εἵνεκα
1062 1786 1240 1843 ταῦτα
1266 1781 1601 1860 ἐπρήσσετο,
1619 1780 1977 1859 βουληθέντα

382 1872 735 1950 πολυτροπίῃ
753 1874 855 1932 τοῦ
876 1868 1158 1947 βασιλέος
1176 1868 1581 1951 περιγενέσθαι,
1597 1868 1805 1929 ποιέειν
1825 1867 1974 1929 τάδε·

382 1963 577 2036 νεκροῦ
596 1958 934 2037 προσφάτου
958 1956 1323 2034 ἀποταμόντα
1351 1962 1408 2018 ἐν
1425 1959 1501 2035 τῷ
1522 1954 1648 2035 ὤμῳ
1667 1954 1771 2030 τὴν
1793 1959 1974 2034 χεῖρα,

385 2044 523 2103 ἰέναι
548 2044 717 2106 αὖτόν
744 2047 943 2125 ἔχοντα
968 2044 1142 2121 αὐτὴν
1165 2043 1277 2103 ὖπό
1301 2047 1379 2122 τῷ
1405 2042 1621 2122 ἱματίῳ·
1665 2041 1974 2111 ἐσελθόντα

385 2130 445 2191 δὲ
480 2130 552 2196 ὥς
589 2136 691 2194 τοῦ
722 2131 1003 2209 βασιλέος
1037 2132 1142 2209 τὴν
1175 2130 1452 2214 θυγατέρα
1484 2130 1576 2189 καὶ
1611 2127 1975 2207 εἰρωτώμενον

382 2218 560 2297 τάπερ
600 2220 693 2279 καὶ
726 2223 781 2281 οἱ
818 2219 1007 2291 ἄλλοι,
1040 2218 1450 2302 ἀπηγήσασθαι
1485 2216 1557 2283 ὥς
1596 2216 1975 2278 ἀνοσιώτατον

383 2307 487 2383 μὲν
506 2308 589 2384 εἴη
610 2308 967 2390 ἐργασμένος,
987 2306 1081 2369 ὅτε
1104 2312 1206 2369 τοῦ
1233 2306 1512 2384 ἀδελφεοῦ
1539 2311 1598 2367 ἐν
1616 2309 1692 2384 τῷ
1713 2305 1974 2383 θησαυρῷ

382 2397 485 2455 τοῦ
535 2396 815 2472 βασιλέος
860 2394 973 2457 im?
1024 2395 1211 2477 πάγης
1261 2394 1498 2459 ἁλόντος
1545 2392 1825 2470 ἀποτάμοι
1868 2391 1974 2468 τήν

384 2482 658 2560 κεφαλήν·
695 2484 1031 2562 σοφώτατον
1056 2484 1131 2555 δὲ,
1161 2481 1249 2544 ὅτι
1273 2482 1402 2546 τοῦς
1426 2480 1712 2558 φυλάκους
1738 2504 1973 2558 καταμε·

382 2571 560 2636 θύσας
613 2572 945 2633 καταλύσειε
995 2574 1097 2633 τοῦ
1151 2570 1430 2647 ἀδελφεοῦ
1483 2567 1825 2648 κρεμάμενον
1873 2567 1974 2627 τὰν

382 2658 561 2721 νέκυν·
599 2659 703 2737 τὴν
742 2660 817 2732 δὲ,
855 2660 927 2725 ὥς
958 2660 1186 2738 ἤκουσε,
1223 2656 1502 2717 ἅπτεσθαι
1543 2655 1732 2716 αὐτοῦ·
1772 2654 1872 2717 τὸν
1912 2655 1972 2714 δὲ

382 2752 547 2825 φῶρα
583 2753 642 2809 ἐν
674 2753 753 2827 τῷ
783 2747 977 2811 σκότεϊ
1009 2750 1295 2825 προτεῖναι
1334 2744 1474 2824 αὐτῇ
1505 2747 1606 2805 τοῦ
1638 2746 1834 2823 νεκροῦ
1868 2741 1975 2818 τὴν

379 2840 559 2915 χεῖρα,
584 2834 689 2913 τήν
713 2836 771 2895 δὲ
804 2834 1224 2912 ἐπιλαβομένην
1249 2834 1410 2912 ἔχειν,
1439 2831 1777 2913 νομίζουσαν
1804 2829 1975 2890 αὐτοῦ

380 2924 589 2984 ἐκείνου
603 2928 705 3000 τῆς
722 2948 909 3003 χειρος
926 2921 1277 3001 ἀντέχεσθαι,
1292 2920 1393 2989 τόγ
1409 2919 1468 2980 δὲ
1485 2922 1660 2996 φῶρα·
1667 2915 1975 2996 προέμενον

380 3036 523 3094 αυτῃ
497 3011 803 3090 οἴχεσθαι
821 3010 911 3070 δια
939 3008 1145 3089 θυρέων
1166 3006 1465 3089 φεύγοντα·
1498 3006 1570 3069 ὥς
1596 3005 1655 3064 δὲ
1682 3005 1774 3064 καὶ
1798 3007 1975 3064 ταῦτα

380 3102 436 3161 ἐς
463 3098 564 3160 τᾶν
587 3097 845 3176 βασιλέα
877 3096 1205 3177 ἀνενεΐχθαι,
1236 3093 1622 3171 ἐκπεπλῆχθαι
1646 3094 1750 3168 μὲν
1776 3091 1867 3148 ἐπὶ
1898 3094 1971 3168 τῇ

379 3186 789 3266 πολυφροσύνῃ
830 3210 895 3247 τε
937 3185 1029 3244 καὶ
1068 3182 1258 3261 τόλμῃ
1298 3179 1643 3258 τάνθρώπου·
1688 3177 1853 3238 τέλος
1893 3176 1970 3248 δὲ,

378 3274 765 3357 διαπέμποντα
807 3278 863 3339 ἐς
907 3270 1099 3335 πάσας
1143 3270 1245 3333 τοὶς
1290 3266 1458 3330 πόλις
1500 3262 1974 3344 ἐπαγγέλλεσθαι,
