2267 3517
368 155 644 218 leo-183]
933 155 1384 205 ΜΕΛΠΟΜΕΝΗ.
1865 163 1958 208 353

363 239 417 295 οἱ
449 233 641 311 ἄνδρες
669 237 859 312 τρίτου
894 234 1085 312 μηνὸς,
1116 235 1208 294 καὶ
1241 239 1318 315 τῷ
1354 233 1424 295 ἂν
1462 237 1586 316 οἴκῃ
1617 241 1728 298 τῶν
1753 238 1964 318 ἀνδρῶν

361 324 427 385 τὸ
453 323 691 394 παιδίον,
719 323 918 383 τούτου
944 328 1076 385 παῖς
1102 325 1403 398 νομίζεται.

444 412 619 473 Οὗτοι
667 416 771 490 μὲν
826 415 879 473 οἱ
943 412 1412 488 παραθαλάσσιοι
1463 418 1574 474 τῶν
1639 415 1919 493 Νομάδων
1940 420 2054 480 181

360 502 591 578 Λιβύων
634 503 891 579 εἰρέαται·
938 501 1078 579 ύπὲρ
1121 503 1182 561 δὲ
1224 502 1432 586 τούτων
1475 507 1528 566 ἐς
1569 504 1884 585 μεσόγαιαν
1923 505 1962 582 ἦ

363 590 633 667 θηριώδης
660 591 783 650 ἐστὶ
809 590 1022 666 Λιβύη·
1062 589 1202 667 ὑπὲρ
1231 591 1291 648 δὲ
1318 595 1420 667 τῆς
1448 591 1740 669 θηριώδεος
1777 592 1962 670 ὀφρύη

362 678 595 756 ψάμμης
648 677 890 753 κατήκει,
938 680 1353 755 παρατείνουσα
1400 677 1514 738 οἷπὸ
1567 681 1804 756 Θηβέων
1853 683 1965 741 τῶν

363 767 707 847 Αἰγυπτιέων
767 768 859 825 ε’πὶ
926 765 1274 844 Ἠρακληΐας
1332 767 1569 843 στήλας·
1655 772 1714 828 ἒν
1772 768 1831 827 δὲ
1890 771 1965 848 τῇ

362 853 549 933 ὀφρύῃ
607 854 781 934 ταύτῃ
849 854 1107 932 μάλιστα
1167 854 1258 914 διαῖ
1316 855 1448 914 δέκα
1505 854 1752 933 ἡμερέων
1813 855 1963 928 ὁδοῦ,

362 941 501 1006 ἁλός
537 949 661 1003 ἔστι
690 943 908 1022 τρύφεα
936 942 1077 1003 κατὰ
1102 942 1370 1022 χόνδρους
1395 943 1677 1024 μεγάλους
1704 949 1762 1003 ε’ν
1789 948 1963 1004 κολω-

361 1035 530 1090 νοῖσι·
573 1033 664 1090 καὶ
705 1037 764 1091 ἐν
804 1036 1090 1110 κορυφῇσι
1132 1031 1371 1091 ἑκάστου
1409 1035 1512 1091 τοῦ
1551 1036 1805 1092 κολωνοῦ
1834 1031 1964 1092 α’,να-

364 1121 595 1190 κοντίζει
628 1126 686 1178 ἐκ
724 1122 905 1196 μέσου
936 1124 1038 1179 τοῦ
1065 1119 1204 1182 οἶλός
1230 1119 1373 1197 ὕδωρ
1401 1120 1618 1200 ψυχρὸν
1645 1121 1738 1179 καὶ
1761 1121 1962 1202 γλυκύ·

362 1207 489 1284 περὶ
530 1207 589 1266 δὲ
630 1207 763 1268 αὖτό
806 1206 1087 1284 ἅνθρωποι
1129 1208 1374 1267 οἰκέουσι
1415 1209 1646 1288 ἔσχατοι
1687 1206 1826 1284 πρός
1864 1212 1964 1284 τῆς

363 1295 587 1372 ἐρήμου,
618 1297 710 1354 καὶ
750 1295 889 1371 ὑπὲρ
930 1300 1030 1370 τῆς
1073 1296 1383 1371 θηριώδεος.
1451 1297 1662 1374 πρώτοι
1700 1299 1820 1374 μὲν,
1849 1295 1962 1356 ἀπό

362 1384 599 1458 Θηβέων
640 1383 731 1442 διὰ
768 1383 900 1442 δέκα
936 1381 1184 1461 ἡμερέων
1215 1381 1366 1454 ὁδοῦ,
1392 1382 1715 1462 Ἀμμώνιοι,
1745 1386 1964 1464 ἔχοντες

361 1470 429 1530 τὸ
476 1470 594 1549 ἶρὸν
642 1469 755 1530 οἷπό
803 1475 904 1531 τοῦ
952 1471 1235 1547 Θηβαιέος
1283 1471 1436 1536 Διός·
1497 1473 1588 1531 καὶ
1633 1473 1743 1556 γαῖρ
1789 1472 1856 1534 τὰ
1905 1477 1964 1533 ἐν

362 1560 611 1639 Θήβῃσι,
643 1559 713 1623 ὥς
740 1559 831 1618 καὶ
858 1559 1131 1638 πρότερον
1157 1559 1374 1639 εἴρηταί
1393 1587 1509 1639 μοι,
1539 1561 1965 1639 κριοπρόσωπον

361 1651 462 1707 τοῦ
516 1648 653 1712 Διός
703 1647 978 1730 τῶγαλμά
1031 1653 1174 1709 ε’στι.
1254 1649 1516 1730 τυγχάνει
1563 1650 1622 1709 δὲ
1676 1650 1768 1709 καὶ
1813 1648 1962 1709 ἄλλο

363 1742 475 1812 σφι
507 1737 649 1816 ὕδωρ
692 1741 954 1815 κρηναῖον
987 1736 1095 1798 ε’όν·
1136 1737 1203 1798 τό
1242 1737 1344 1797 τόν
1372 1739 1476 1814 μὲν
1517 1737 1721 1815 ὄρθρον
1751 1739 1964 1820 γίνεται

361 1825 617 1902 χλιαρὸν,
640 1825 849 1905 ἀγορῆς
874 1824 933 1882 δὲ
960 1822 1326 1900 πληθυούσης
1352 1823 1716 1902 ψυχρότερον·
1744 1851 1963 1901 μεσαμ-

361 1913 501 1989 βρίη
549 1915 614 1972 τέ
655 1918 794 1980 ε’στι,
828 1911 921 1968 καὶ
962 1910 1027 1968 τό
1073 1909 1250 1986 κάρτα
1291 1911 1502 1991 γίνεται
1535 1911 1771 1989 ψυχρόν·
1813 1937 1959 1988 τηνι-

366 2005 543 2059 καῦτα
579 2001 639 2058 δὲ
678 1998 913 2076 ἄρδουσι
952 1996 1081 2060 τούς
1123 1997 1350 2073 κήπους·
1415 1996 1858 2075 ἀποκλινομένης
1903 1999 1963 2058 δὲ

362 2092 463 2163 τῆς
501 2086 711 2164 ἡμέρης
753 2084 972 2144 ὑπίεται
1018 2089 1117 2144 τοῦ
1167 2089 1404 2164 ψυχροῦ,
1454 2089 1509 2148 ἐς
1557 2083 1622 2144 οὗ
1670 2085 1861 2145 δύεταί
1900 2112 1964 2147 τε

365 2175 397 2234 ὅ
422 2175 582 2252 ἥλιος
611 2176 703 2234 καὶ
728 2172 795 2236 vd
820 2173 962 2251 ὕδωρ
990 2174 1202 2254 γίνεται
1227 2172 1486 2253 χλιαρόν·
1531 2174 1622 2234 ἐπὶ
1649 2173 1710 2232 δὲ
1735 2178 1966 2249 μᾶλλον

367 2263 450 2323 ι’,ὂν
497 2269 552 2326 ἐς
590 2262 658 2323 τό
706 2262 913 2341 θερμόν
949 2267 1005 2325 ἐς
1039 2263 1221 2339 μέσας
1265 2261 1463 2326 νύκτας
1507 2262 1756 2334 πελάζει·
1817 2289 1963 2340 τηνι-

367 2356 542 2412 καῦτα
580 2351 642 2410 δὲ
680 2352 789 2423 ζέει
829 2349 1187 2428 ἐμβολάδην·
1261 2350 1640 2431 παρέρχονταί
1681 2377 1744 2411 τε
1789 2353 1964 2429 μέσαι

366 2440 554 2504 νύκτες
589 2441 682 2500 καὶ
714 2439 951 2519 ψύχεται
981 2440 1151 2517 μέχρι
1183 2441 1238 2502 ἐς
1267 2437 1370 2514 ἧῶ·
1411 2440 1711 2515 ἐπίκλησιν
1742 2439 1801 2499 δὲ
1821 2439 1966 2518 ἀὕτη

364 2527 405 2604 ἤ
432 2529 605 2606 κρήνη
633 2529 891 2587 καλέεται
914 2525 1139 2585 Ἠλίου.
1323 2529 1328 2536 ’

448 2616 612 2676 Μετοὶ
652 2616 709 2675 δὲ
734 2615 1095 2691 Ἀμμωνίους,
1125 2613 1216 2674 διδ,
1255 2618 1358 2690 τῆς
1397 2613 1612 2692 ὀφρύης
1641 2619 1744 2690 τῆς
1777 2613 1926 2694 ψᾶμ-
1947 2619 2060 2676 182

366 2730 493 2782 μου,
543 2703 609 2764 δι’
657 2703 877 2763 σ’,λλέων
929 2702 1061 2761 δέκα
1112 2702 1359 2781 ήμερέων
1412 2703 1560 2773 ὀδοῦ,
1610 2704 1851 2768 κολωνός
1903 2730 1966 2764 τε

367 2792 507 2858 α’,λός
533 2798 657 2853 ἔστι
684 2791 875 2869 ὁμοῖος
900 2795 976 2870 τῷ
999 2789 1295 2871 Ἀμμωνίῳ
1321 2791 1414 2849 καὶ
1439 2789 1600 2869 ὕδωρ·
1639 2792 1733 2851 καὶ
1759 2790 1963 2869 ἅνθρω-

366 2907 466 2939 ποι
499 2882 627 2959 περὶ
662 2878 832 2939 αύτὸν
865 2878 1126 2938 οἰκέουσι·
1169 2883 1246 2958 τῷ
1283 2878 1342 2938 δὲ
1367 2878 1528 2958 χώρῳ
1551 2877 1730 2958 τούτῳ
1756 2877 1966 2956 οὕνομα

369 2966 590 3050 Αὕγιλᾶ
632 2973 774 3028 ἔστι.
844 2965 924 3047 (ἐς
959 2970 1160 3026 τοῦτον
1193 2966 1293 3026 τόν
1323 2970 1506 3045 χῶρον
1535 2968 1588 3024 οἱ
1614 2970 1966 3042 Νασαμῶνες

370 3055 727 3134 ὀπωριεῦντες
778 3054 909 3118 τοῦς
962 3054 1217 3130 φοίνικας
1265 3052 1600 3132 φοιτέουσι.)
1667 3051 1813 3113 'An-<3
1868 3055 1926 3136 δὲ
1947 3057 2060 3114 183

370 3145 642 3227 Αὐγίλων,
692 3144 781 3203 διὰ
836 3143 968 3202 δέκα
1018 3141 1267 3218 ἡμερέων
1314 3140 1532 3199 οἶλλέων
1584 3137 1732 3210 ὁδοῦ,
1784 3141 1966 3219 ἕτερος

370 3233 507 3296 &Aac
551 3233 807 3303 κολωνὸς,
847 3231 939 3290 καὶ
986 3229 1145 3308 ὕδωρ,
1192 3230 1283 3289 καὶ
1327 3229 1572 3303 φοίνικες
1615 3229 1966 3307 καρποφόροι

368 3323 596 3393 πολλοὶ,
626 3322 870 3401 κατάπερ
899 3320 991 3380 καὶ
1017 3323 1077 3380 ἐν
1100 3324 1254 3381 τοῖσι
1282 3317 1538 3400 ἑτέροισι·
1567 3318 1659 3376 καὶ
1685 3316 1964 3396 ἅνθρωποι

522 3412 585 3458 28
