2267 3517
314 113 408 181 '130
908 128 1278 180 ἮΡοΔοωοτ
1811 128 1910 191 [11.

310 233 411 286 μοι
440 208 534 267 καὶ
558 207 716 268 ἄλλα
745 207 1017 285 τεκμήριά
1042 212 1168 268 ε’στι
1197 209 1367 269 τοῦτο
1400 206 1542 268 οὕτω
1573 207 1735 286 ἔχειν,
1764 210 1824 268 ἔν
1855 208 1916 268 δὲ

312 296 407 355 καὶ
430 294 573 366 τόδε,
602 294 690 355 ὅτι
715 319 778 356 τε
803 300 905 356 τοῦ
931 295 1244 374 Ἡρακλέος
1277 293 1478 355 τούτου
1509 296 1564 354 οἶ
1597 294 1784 375 γονέες
1811 294 1915 373 α’μ-

314 381 545 459 φότεροι
576 381 743 458 ἦσαν,
768 380 1126 460 Ἀμφιτρύων
1160 382 1254 441 καὶ
1287 380 1597 459 Ἀλκμήνη,
1622 382 1916 463 γεγονότες

311 469 379 529 τὸ
407 469 671 530 α’νέκαθεν
700 468 795 529 ἀπ’
822 470 1129 551 Αἰγύπτου·
1173 469 1266 529 καὶ
1295 468 1438 529 διότι
1463 468 1759 549 Αἰγύπτιοι
1787 468 1916 530 οὔτε

315 557 695 621 Ποσειδέωνος
742 555 869 618 οὔτε
914 556 1276 634 Διοσκούρων
1321 555 1396 617 τὰ
1441 555 1724 634 οὐνόματά
1764 563 1914 633 φασι

315 644 528 715 εἰδέναι,
556 644 685 705 οὖδέ
714 648 828 722 σφι
865 644 982 705 θεοὶ
1014 642 1172 706 οὗτοι
1201 649 1260 704 ἐν
1282 647 1437 705 τοῖσι
1461 641 1697 704 ἄλλοισι
1729 646 1913 705 θεοῖσι

312 729 734 812 ἀποδεδέχαται.
803 732 895 791 καὶ
918 730 1034 810 μήν
1060 732 1113 792 εἴ
1134 758 1202 811 γε
1225 730 1356 810 παρ’
1381 730 1671 807 Ἑλλήνων
1699 733 1912 809 ἔλαβον

314 817 526 896 οὔνομά
554 846 649 879 τευ
681 820 955 897 δαίμονος,
990 818 1200 880 τούτων
1240 818 1343 879 οὐκ
1375 817 1584 894 ἥκιστα
1613 817 1769 878 οἷλλοὶ
1806 819 1909 896 μά-

311 910 487 968 λιστα
522 909 763 985 ἔμελλον
796 906 1022 985 μνήμην
1063 906 1220 978 ἕξειν,
1248 907 1402 984 εἴπερ
1436 905 1529 965 καὶ
1566 906 1696 967 τότε
1727 932 1912 968 ναυτι-

310 995 474 1073 λίῃσι
510 995 794 1075 ἐχρέωντο,
833 996 925 1055 καὶ
957 994 1108 1073 ἦσαν
1139 993 1430 1069 Ἑλλήνων
1461 994 1604 1057 τινὲς
1639 998 1908 1067 ναυτιλοι,
1965 1008 1970 1015 ’

312 1081 383 1147 ὥς
420 1084 668 1161 ἔλπομαί
696 1108 759 1145 τε
796 1084 888 1143 καὶ
923 1082 1029 1161 ε’μῆ
1060 1080 1256 1163 γνώμη
1289 1081 1476 1157 αἱρέει·
1521 1080 1668 1142 ὥστε
1700 1080 1909 1144 τούτων

309 1168 378 1230 ἂν
410 1170 501 1229 καὶ
530 1175 760 1248 μᾶλλον
788 1173 899 1231 τῶν
940 1171 1079 1232 θεῶν
1119 1168 1192 1229 ταῖ
1226 1167 1508 1245 οὐνόματα
1549 1169 1908 1239 ἐξεπιστέατο

308 1255 607 1338 Αἰγύπτιοι
634 1256 672 1335 ἢ
697 1261 797 1320 τοῦ
822 1257 1152 1334 Ἡρακλέος.
1220 1254 1376 1316 οἷλλά
1404 1281 1489 1320 τις
1520 1254 1752 1335 ἀρχαῖός
1783 1262 1907 1318 ε’στι

311 1344 437 1407 θεὸς
476 1344 837 1426 Αἰγυπτίοισι
864 1344 1200 1421 Ἠρακλέης·
1243 1343 1314 1407 ὦς
1353 1344 1414 1403 δὲ
1455 1342 1612 1403 αὐτοὶ
1650 1343 1904 1424 λέγουσι,

306 1430 432 1490 ἔτεά
457 1436 581 1491 ἐστι
613 1432 1010 1511 ἑπτακισχίλια
1042 1432 1134 1491 καὶ
1166 1430 1339 1510 μύρια
1374 1436 1429 1495 ἐς
1453 1429 1709 1507 Ἀμασιν
1732 1432 1903 1507 βασι-

306 1516 605 1589 λεύσαντα,
634 1520 759 1578 ἐπεί
778 1544 841 1579 τε
872 1522 933 1577 ἐκ
958 1522 1067 1579 τῶν
1094 1517 1237 1579 ὄκτῶ
1265 1519 1405 1579 θεῶν
1433 1521 1487 1578 οἱ
1518 1518 1759 1578 δυώδεκα
1785 1519 1906 1579 θεοὶ

210 1606 290 1664 44
308 1606 577 1686 ἐγένοντο,
604 1609 715 1667 τῶν
744 1606 1033 1683 Ἠρακλέα
1068 1606 1165 1666 ἕνα
1194 1606 1505 1684 νομίζουσι.
1573 1607 1691 1666 Καὶ
1726 1605 1905 1667 θέλων

306 1694 367 1752 δὲ
394 1692 601 1754 τούτων
631 1693 761 1773 πέρι
790 1694 976 1769 σαφές
1006 1719 1062 1755 τι
1103 1693 1301 1754 εἰδέναι
1341 1694 1404 1763 ἐξ
1443 1690 1518 1753 ὦν
1558 1692 1676 1755 οἷόν
1713 1718 1776 1754 τε
1814 1692 1900 1771 ἦν,

305 1783 554 1843 ἔπλευσα
594 1782 687 1842 καὶ
727 1787 781 1847 ἐς
820 1781 1000 1860 Τύρον
1038 1784 1141 1858 τῆς
1179 1781 1451 1858 Φοινίκης,
1491 1781 1903 1858 πυνθανόμενος

308 1868 501 1931 αὐτόθι
522 1868 661 1931 εἶναι
688 1869 807 1949 ἶρὸν
826 1870 1140 1947 Ἡρακλέος
1158 1868 1337 1951 ἅγιον·
1367 1869 1460 1928 καὶ
1478 1870 1598 1929 ἴδον
1615 1871 1903 1947 πλουσίως

306 1960 821 2038 κατεσκευασμένον
862 1956 1104 2019 ἄλλοισί
1140 1983 1204 2019 τε
1244 1960 1521 2017 πολλοῖσι
1561 1956 1899 2043 ἀναθήμασι,

306 2046 400 2105 καὶ
426 2052 485 2108 ἐν
511 2046 658 2128 αὐτῷ
674 2048 824 2124 ἦσαν
845 2051 1055 2124 στῆλαι
1076 2045 1192 2117 δύο,
1208 2045 1247 2123 ἦ
1266 2048 1370 2123 μὲν
1383 2049 1600 2125 χρυσοῦ
1621 2044 1898 2121 ἀπέφθου,
1939 2047 1946 2052 ’

304 2134 345 2211 ἦ
371 2135 431 2195 δὲ
456 2136 787 2218 σμαράγδου
813 2137 979 2197 λίθου
1012 2135 1338 2212 λάμποντος
1366 2133 1468 2197 τὰς
1497 2131 1697 2197 νύκτας
1728 2134 1900 2216 μέγα-

304 2224 419 2285 θος·
463 2228 518 2287 ἐς
542 2223 746 2306 λόγους
774 2223 833 2283 δὲ
866 2222 1044 2283 ε’λθῶν
1068 2227 1224 2283 τοῖσι
1256 2224 1436 2299 ἱρεῦσι
1465 2224 1566 2281 τοῦ
1598 2220 1726 2280 θεοῦ
1760 2220 1900 2299 εῖρό·

300 2334 415 2385 μην
445 2309 648 2372 ὁκόσος
679 2308 879 2388 χρόνος
909 2310 995 2385 εἴη
1030 2310 1093 2379 ἐξ
1132 2307 1197 2368 οὗ
1233 2314 1347 2384 σφι
1379 2308 1447 2368 vd
1491 2306 1610 2386 ἶρόν
1651 2307 1896 2386 ἴδρυταις

304 2393 464 2473 εὗρον
484 2395 543 2455 δὲ
570 2395 695 2455 οὐδὲ
717 2395 945 2459 τούτους
969 2399 1122 2456 τοῖσι
1137 2395 1393 2473 Ἕλλησι
1420 2396 1896 2473 συμφερομένους·

304 2483 525 2559 ἔφασαν
563 2482 673 2563 γὰρ
707 2482 825 2560 ἅμα
864 2481 1023 2561 Τύρῳ
1058 2484 1370 2562 οἰκιζομένῃ
1407 2485 1500 2542 καὶ
1539 2483 1604 2544 vd
1646 2483 1766 2561 ἶρόν
1795 2487 1898 2545 τοῦ

301 2572 432 2631 θεοῦ
460 2570 762 2647 ἱδρυθῆναι·
804 2570 942 2630 εἶναι
973 2570 1032 2629 δὲ
1066 2570 1190 2631 ἔτεα
1223 2568 1323 2647 ἀφ’
1351 2567 1417 2630 οὗ
1449 2570 1629 2649 Τύρον
1653 2572 1897 2632 οἰκέουσι

300 2657 597 2735 τριηκόσια
637 2658 729 2717 καὶ
768 2657 1042 2737 δισχίλια.
1110 2657 1258 2718 εἶδον
1298 2658 1357 2718 δὲ
1398 2662 1456 2719 ἐν
1495 2663 1566 2739 τῇ
1605 2657 1763 2739 Τύρῳ
1804 2659 1898 2719 καὶ

302 2744 453 2806 ἄλλο
506 2744 628 2825 ἶρόν
672 2744 999 2824 Ἡρακλέος,
1048 2746 1360 2824 ἐπωνυμίην
1407 2747 1633 2825 ἔχοντος
1677 2747 1897 2808 Θασίου

303 2831 459 2894 εἶναι·
500 2832 780 2910 α’πικόμην
811 2832 871 2892 δὲ
907 2833 1000 2893 καὶ
1034 2837 1091 2899 ἐς
1126 2833 1338 2905 Θάσον,
1373 2837 1432 2894 ἓν
1465 2837 1537 2914 τῇ
1573 2832 1736 2913 εὗρον
1776 2834 1898 2912 ἶρόν

298 2920 609 2999 Ἡρακλέος
633 2920 743 2981 find
771 2921 1036 2982 Φοινίκων
1064 2921 1370 3000 ἱδρυμένον,
1396 2920 1452 2981 οἳ
1482 2920 1600 2982 κατ’
1627 2920 1898 2999 Εύρῶπης

302 3008 536 3086 ζήτησιν
562 3007 950 3072 ἐκπλώσαντες
973 3008 1169 3069 Θάσον
1195 3009 1438 3078 ἔκτισαν·
1481 3009 1574 3068 καὶ
1603 3014 1778 3069 ταῦτα
1804 3009 1896 3073 καὶ

300 3098 465 3158 πέντε
490 3099 719 3177 γενεῇσι
747 3095 960 3172 α’νδριῦν
983 3094 1228 3172 πρότερά
1257 3101 1378 3157 ἐστι
1403 3094 1440 3171 ἦ
1466 3095 1564 3157 τᾶν
1588 3094 1896 3172 Ἀμφιτρύ-

300 3209 435 3249 ωνος
458 3185 747 3262 Ἡρακλέα
777 3188 837 3244 ἐν
861 3185 934 3262 τῇ
963 3182 1203 3242 Ἑλλάδι
1225 3184 1508 3264 γενέσθαι.
1574 3181 1648 3241 τοὶ
1670 3181 1775 3258 μέν
1800 3206 1897 3241 νυν

302 3272 640 3350 ἱστορημένα
671 3272 840 3350 δηλοῖ
876 3270 1104 3347 σαφέως
1138 3269 1385 3331 παλαιὸν
1419 3268 1549 3331 θεὸν
1586 3268 1686 3328 τόν
1722 3266 1896 3345 Ἠρα-
