2267 3517
383 103 667 169 ιιι-116]
1003 103 1457 152 MEAIIOMENH.
1887 109 1982 156 325

379 190 557 246 ταῦτα
582 183 723 262 πρὸς
740 182 872 249 τοῦς
897 182 1150 247 λοιπούς·
1175 187 1248 262 τῇ
1275 183 1334 242 δὲ
1361 184 1642 264 δευτεραίῃ
1666 183 1812 261 ἦλθε
1839 190 1895 250 ἐς
1917 185 1985 247 ro*

380 274 585 352 χωρίον
614 271 779 336 αὐτός
804 297 867 332 τε
894 268 1070 340 οὗτος,
1094 272 1188 330 καὶ
1216 272 1402 348 ἕτερον
1425 271 1546 352 ἦγε,
1569 273 1660 331 καὶ
1685 273 1790 348 τήν
1813 273 1984 351 Ἀμα-

382 361 515 433 ζόνα
542 359 666 439 εὗρε
695 360 951 437 δευτέρην
979 359 1153 436 αὐτὴν
1178 358 1586 436 ῦπομένουσαν·
1629 364 1681 420 οἱ
1707 361 1766 419 δὲ
1793 363 1986 421 λοιποὶ

380 450 659 526 νεηνίσκοι
694 447 765 511 ὥς
796 447 1067 508 ἐπύθοντο
1096 451 1274 507 ταῦτα
1308 448 1400 506 καὶ
1425 447 1583 508 αὐτοὶ
1609 448 1985 510 ἐκτιλώσαντο

377 537 481 601 ταῖς
507 536 710 600 λοιποῖς
728 539 839 597 τῶν
863 534 1201 612 Ἀμαζόνων.
1276 535 1441 595 Μετὰ.
1467 535 1542 608 δὲ,
1572 536 1945 613 συμμίξαντες
1966 538 2080 597 114

378 625 450 684 τοὶ
492 624 847 703 στρατόπεδα.
888 623 1067 683 οἴκεον
1108 622 1266 700 ὁμοῦ,
1296 627 1532 704 γυναῖκα
1573 625 1711 703 ἔχων
1752 624 1985 687 ἕκαστος

380 712 590 789 ταύτην
624 717 695 792 τῇ
725 711 791 773 τό
823 715 1043 789 πρῶτον
1077 711 1408 790 συνεμίχθη·
1449 710 1553 786 τήν
1579 712 1639 770 δὲ
1665 712 1857 788 φωνήν
1881 713 1983 788 τήν

379 803 483 876 μὲν
527 805 636 870 τῶν
676 802 949 882 γυναικῶν
992 801 1047 858 οἱ
1090 799 1282 876 ἄνδρες
1322 797 1422 858 οῦκ
1465 799 1716 859 ἐδυνέατο
1762 801 1978 876 μαθεῖν,

379 887 483 964 τὴν
512 889 571 948 δὲ
595 893 704 949 τῶν
731 887 941 965 ἀνδρῶν
968 890 1027 946 αἱ
1061 891 1316 968 γυναῖκες
1352 885 1693 962 συνέλαβον.
1778 889 1896 946 ἐπεὶ
1924 889 1983 947 δὲ

382 981 630 1052 συνῆκαν
673 976 957 1052 ἀλλήλων,
988 974 1184 1044 ἔλεξαν
1209 974 1349 1052 πρὸς
1373 974 1472 1037 τοὶς
1509 973 1821 1051 Ἀμαζόνας
1850 975 1984 1036 τάδε

382 1068 436 1124 οἶ
480 1064 689 1141 ἄνδρες·
734 1064 921 1140 “ἧμῖν
965 1064 1074 1123 εἶσὶ
1116 1065 1221 1139 μὲν
1261 1063 1461 1132 τοκέες,
1495 1063 1606 1121 εἰσὶ
1646 1063 1705 1122 δὲ
1740 1063 1983 1139 κτήσεις·

381 1155 479 1211 νῦν
516 1151 588 1212 ὧν
619 1153 816 1228 μηκέτι
850 1155 1065 1211 πλεῦνα
1100 1149 1304 1230 χρόνον
1337 1150 1470 1225 ζόην
1501 1149 1718 1225 τοιήνδε
1755 1151 1982 1229 ἔχωμεν·

382 1236 515 1297 ἄλλ’
545 1238 883 1301 ἀπελθόντες
911 1244 965 1300 ἐς
990 1237 1057 1298 τὸ
1084 1239 1307 1314 πλῆθος
1334 1237 1683 1313 διαιτώμεθα·
1724 1242 1985 1318 γυναῖκας

384 1325 441 1384 δὲ
487 1327 682 1403 ἕξομεν
720 1325 905 1402 ῦμέας,
936 1327 1029 1384 καὶ
1064 1324 1335 1402 οῦδαμέας
1367 1324 1598 1388 ἅλλας.”
1679 1329 1735 1384 αἱ
1762 1325 1820 1384 δὲ
1845 1325 1985 1403 πρός

381 1417 557 1474 ταῦτα
592 1414 787 1486 ἔλεξαν
812 1413 963 1473 τάδε·
1007 1423 1042 1449 “
1058 1411 1218 1488 ἡμεῖς
1245 1412 1343 1472 οὐκ
1372 1410 1440 1473 ἂν
1466 1413 1765 1490 δυναίμεθα
1792 1414 1985 1474 οἰκέειν

379 1502 523 1578 μετοῖ
551 1506 661 1562 τῶν
686 1500 962 1578 ὖμετέρων
987 1505 1278 1582 γυναικῶν·
1307 1500 1372 1560 οὗ
1397 1501 1506 1582 γοῖρ
1527 1501 1598 1561 τσῖ
1621 1501 1760 1562 αῦταῖ
1781 1500 1984 1578 νόμαια

379 1589 514 1666 ἡμῖν
540 1616 603 1650 τε
630 1591 721 1649 καὶ
749 1591 967 1668 κείνῃσί
990 1595 1131 1649 ἐστι·
1173 1588 1333 1666 ἡμεῖς
1357 1593 1460 1666 μὲν
1484 1590 1780 1667 τοξεύομέν
1804 1616 1865 1649 τε
1893 1589 1984 1648 καὶ

384 1677 746 1755 ἀκοντίζομεν
781 1679 873 1737 καὶ
912 1676 1280 1752 ἱππαζόμεθα,
1312 1678 1447 1759 ἔργα
1483 1677 1543 1736 δὲ
1566 1677 1858 1758 γυναικήῖα
1883 1676 1982 1736 οῦκ

380 1766 680 1843 ἐμάθομεν·
738 1769 797 1825 αἶ
823 1766 882 1824 δὲ
908 1764 1167 1842 ὖμέτεραι
1191 1769 1442 1845 γυναῖκες
1466 1764 1674 1824 τούτων
1696 1767 1800 1840 μὲν
1826 1764 1983 1824 οῦδὲν

379 1858 490 1913 τῶν
530 1853 691 1930 ἡμεῖς
734 1854 1105 1930 κατελέξαμεν
1145 1856 1385 1921 ποιεῦσι,
1421 1853 1554 1931 ἔργα
1595 1852 1653 1911 δὲ
1691 1853 1982 1932 γυναικήῖα

383 1941 707 2020 ἐργάζονται
733 1943 1003 2017 μένουσαι
1026 1946 1083 2000 ἐν
1106 1942 1247 2018 τῇσι
1267 1937 1533 2017 ἁμάξῃσι,
1555 1938 1664 1997 οὔτ’
1686 1940 1778 1997 ἐπὶ
1807 1939 1981 2015 θήρην
2059 1980 2074 1988 -

385 2028 571 2085 ἰοῦσαι
598 2026 722 2086 οὔτε
752 2026 903 2108 ἄλλῃ
933 2028 1168 2106 οὗδαμῇ·
1200 2025 1300 2086 οῦκ
1327 2023 1394 2085 ἂν
1420 2024 1494 2085 ὧν
1521 2025 1820 2102 δυναίμεθα
1847 2027 1980 2085 ἐκεί-

384 2137 517 2190 νῃσι
545 2116 957 2191 συμφέρεσθαι.
1014 2115 1146 2174 ἀλλ’
1170 2119 1216 2174 εἰ
1240 2113 1531 2191 βούλεσθε
1549 2118 1810 2194 γυναῖκας
1836 2114 1982 2192 ἔχειν

382 2198 557 2275 ήμέας
598 2202 690 2260 καὶ
731 2202 937 2261 δοκέειν
981 2202 1119 2262 εἶναι
1162 2201 1513 2271 δικαιότατοι,
1543 2199 1797 2263 ἐλθόντες
1825 2200 1980 2276 παρᾶ.

383 2286 514 2350 τοῦς
536 2289 731 2352 τοκέας
756 2287 1075 2369 ἀπολάχετε
1100 2293 1212 2350 τῶν
1247 2289 1537 2365 κτημάτων
1571 2288 1637 2347 τό
1662 2289 1847 2364 μέρος·
1891 2289 1982 2347 καὶ

384 2375 573 2435 ἔπειτα
598 2375 855 2440 ἐλθόντες
875 2379 1137 2453 οἰκέωμεν
1155 2377 1248 2436 ἐπὶ
1267 2377 1450 2453 ἦμέων
1470 2375 1723 2436 αὖτέων·”
1759 2375 1942 2436 Ἐπεί·
1965 2379 1992 2435 1
2004 2378 2076 2435 15

386 2464 551 2523 θοντο
585 2465 677 2523 καὶ
710 2466 981 2540 ἐποίησαν
1016 2470 1192 2526 ταῦτα
1229 2467 1282 2524 οἶ
1307 2467 1606 2540 νεηνίσκοι.
1689 2466 1814 2524 ἐπεί
1833 2491 1894 2524 τε
1922 2464 1981 2523 δὲ

386 2551 767 2631 ἀπολαχόντες
812 2557 921 2612 τ’ὣν
969 2552 1259 2629 κτημάτων
1304 2551 1371 2613 τὸ
1419 2551 1753 2628 ἐπιβάλλον,
1803 2551 1982 2628 ἦλθον

384 2639 567 2698 ὀπίσω
594 2639 749 2716 παρὰ
772 2639 873 2703 τοὶς
898 2638 1223 2717 Ἀμαζόνας,
1255 2640 1448 2709 ἔλεξαν
1476 2643 1533 2698 αἱ
1564 2645 1817 2720 γυναῖκες
1841 2640 1983 2717 πρὸς

383 2725 583 2790 αὐτοῦς
621 2725 771 2787 τάδε·
814 2726 1040 2804 (ςῆμέας
1080 2729 1194 2806 ἔχει
1235 2727 1424 2804 φόβος
1462 2753 1524 2787 τε
1561 2728 1652 2786 καὶ
1679 2728 1826 2801 δέος,·
1843 2728 1980 2790 ὅκως

382 2815 495 2893 χρή
534 2815 729 2875 οἰκέειν
768 2819 826 2875 ἐν
856 2815 993 2893 τῷδε
1016 2818 1094 2894 τῷ
1127 2815 1304 2895 χώρῳ,
1331 2819 1497 2875 τοῦτο
1522 2818 1626 2892 μὲν
1649 2814 1820 2892 ὑμέας
1845 2815 1980 2874 οἷπο-

382 2901 745 2979 στερησάσας
769 2903 1035 2980 πατέρων,
1052 2906 1218 2962 τοῦτο
1245 2903 1305 2962 δὲ
1328 2903 1432 2979 τήν
1457 2907 1564 2984 γῆν
1589 2903 1693 2977 τὴν
1711 2903 1981 2978 ὑμετέρην

384 2989 775 3066 δηλησαμένας
820 2989 1033 3049 πολλά·
1089 2989 1222 3048 ἀλλ’
1264 2992 1388 3049 ἐπεί
1428 3016 1490 3050 τε
1537 2989 1756 3058 ἀξιοῦτε
1799 2987 1975 3064 ἡμέας

382 3082 647 3158 γυναῖκας
684 3079 843 3156 ἔχειν,
871 3077 1004 3136 τάδε
1038 3079 1254 3138 ποιέετε
1279 3077 1397 3154 ἅμα
1421 3077 1573 3154 ἡμῖν·
1618 3076 1830 3151 φέρετε,
1861 3075 1980 3144 ἐξα-

384 3167 703 3244 ναστέωμεν
730 3172 791 3225 ἐκ
814 3170 914 3244 τῆς
939 3169 1044 3246 γῆς
1066 3166 1260 3241 τῆσδε,
1291 3165 1382 3223 καὶ
1407 3163 1751 3240 περήσαντες
1776 3161 1981 3221 Τάναϊν

385 3254 642 3334 ποταμόν
668 3253 978 3332 οἶκέωμεν·”
1056 3252 1384 3314 Ἐπείθοντο
1411 3251 1504 3310 καὶ
1529 3253 1704 3310 ταῦτα
1735 3253 1789 3309 οἱ
1818 3276 1938 3328 νεη-
1959 3252 1987 3309 1
2001 3251 2072 3308 16
2129 3269 2238 3302 Α
