2267 3517
336 162 621 229 197-199]
1028 164 1262 215 mm.
1875 168 1941 217 eo

334 249 514 306 ταῦτα
558 246 888 325 προσιόντες
932 247 1412 323 συμβουλεύουσι,
1455 246 1548 306 καὶ
1577 246 1944 323 παραινέουσι

336 331 499 393 ἅσσα
525 333 691 398 αῦτός
714 332 957 411 ποιήσας
982 335 1220 416 ἐξέφυγε
1245 334 1445 411 ὁμοίην
1470 338 1676 394 νοῦσον
1701 331 1739 409 ἢ
1764 331 1943 393 ἄλλον

339 420 453 481 εἶδε
478 420 811 503 ἐκφυγόντα·
854 426 993 504 σιγῇ
1026 422 1086 482 δὲ
1123 422 1487 500 παρεξελθεῖν
1524 420 1626 482 τᾶν
1665 420 1945 497 κάμνοντα

339 506 407 569 οὔ
432 514 546 584 σφι
571 510 770 579 ἔξεστι,
796 510 930 587 πρὶν
955 507 1024 570 ἂν
1051 510 1334 588 ἐπείρηται
1357 508 1552 585 ἥντινα
1575 512 1780 569 νοῦσον
1807 509 1938 587 ἔχει.

338 598 533 673 Ταφαὶ
572 598 635 657 δέ
672 603 787 674 σφι
824 602 883 658 ἐν
916 598 1124 676 μέλιτι.
1183 598 1378 675 θρῆνοι
1413 596 1474 656 δὲ
1511 593 1902 674 παραπλήσιοι
1921 596 2036 655 198

338 688 493 744 τοῖσι
534 688 593 745 ἐν
633 684 917 766 Αἰγύπτω.
975 684 1176 748 ὁσάκις
1217 684 1264 743 δ’
1311 710 1381 745 αν
1417 685 1598 763 μιχθῇ
1628 683 1846 766 γυναικὶ
1869 686 1942 763 τῇ

340 775 542 833 εωυτοῦ
567 772 708 852 άνήρ
734 773 1119 850 Βαβυλῶνιος,
1147 773 1275 849 περὶ
1301 772 1552 849 θυμίημα
1584 770 1941 852 καταγιζόμε-

338 884 436 920 νον
456 861 574 932 ιζει·
603 861 825 938 ἑτέρωθι
844 859 955 920 δὲ“
918 885 955 937 η
973 860 1114 941 γυνὴ
1134 858 1310 920 τῶυτο
1331 863 1497 919 τοῦτο
1517 858 1710 919 ποιέει·
1739 856 1944 937 ὄρθρου

341 946 402 1007 δὲ
444 948 745 1030 γενομένου
789 951 1020 1007 λοῦνται
1065 948 1160 1007 καὶ
1205 946 1533 1024 ἀμφότεροι·
1592 946 1792 1028 αγγεος
1827 972 1940 1028 γαρ

340 1034 557 1101 οὐδενός
584 1034 823 1115 ἅψονται
848 1035 982 1113 πρὶν
1006 1033 1075 1096 ἂν
1100 1034 1436 1095 λούσωνται.
1481 1032 1656 1095 ταῦτὰ
1682 1035 1741 1094 δὲ
1765 1038 1943 1093 ταῦτα

341 1124 433 1183 καὶ
456 1122 720 1202 Ἀράβιοι
746 1127 989 1184 ποιεῦσι.
1343 1144 1348 1149 ·

419 1210 489 1271 Ὁ
518 1212 578 1271 δὲ
622 1210 689 1287 δή
722 1212 1022 1291 αἴσχιστος
1046 1213 1157 1270 τῶν
1181 1208 1366 1287 νόμων
1390 1210 1518 1269 ἔστι·
1537 1211 1692 1271 τοῖσι
1717 1210 2032 1287 Βαβυ-199

340 1298 595 1359 λωνίοισι
620 1297 732 1359 ὅδε·
774 1298 868 1359 δεῖ
880 1302 1075 1359 πᾶσαν
1099 1301 1336 1379 γυναῖκα
1362 1298 1660 1378 ἐπιχωρίην
1686 1296 1940 1374 ἱζομένην

341 1390 398 1449 ἐς
425 1385 549 1463 ἶρόν
567 1384 921 1463 Ἀφροδίτης,
948 1385 1104 1455 ἅπαξ
1146 1389 1204 1446 ἐν
1227 1391 1300 1465 τῇ
1341 1383 1442 1463 ζόῃ
1477 1386 1748 1465 μιχθῆναι
1783 1382 1939 1461 α’νδρὶ

340 1473 515 1553 ξείνῳ.
596 1473 812 1533 πολλαὶ
838 1474 898 1533 δὲ
924 1474 1016 1533 καὶ
1042 1472 1144 1534 οῦκ
1171 1472 1486 1550 ἀξιεύμεναι
1523 1470 1938 1553 ἀναμίσγεσθαι

337 1564 475 1641 τῇσι
495 1559 714 1640 ἄλλῃσι
730 1561 821 1621 οἶα
840 1560 1067 1641 πλούτῳ
1080 1560 1578 1638 ὑπερφρονέουσαι,
1597 1561 1689 1619 ἐπὶ
1709 1560 1941 1641 ζευγέων

339 1653 399 1709 ἐν
430 1649 716 1730 καμάρῃσι
749 1648 1035 1711 ἐλάσασαι
1074 1648 1218 1727 πρός
1256 1647 1324 1710 τό
1359 1647 1478 1727 ἶρόν
1513 1650 1734 1709 ἐστᾶσι·
1781 1649 1940 1726 θερα-

336 1737 475 1816 πηΐη
504 1739 568 1799 δέ
590 1744 703 1813 σφι
728 1736 967 1799 ὄπισθεν
1008 1738 1198 1797 ἕπεται
1220 1735 1437 1813 πολλή.
1517 1738 1578 1795 αἱ
1616 1735 1676 1795 δὲ
1707 1739 1940 1807 πλεῦνες

336 1830 563 1888 ποιεῦσι
589 1824 711 1887 ὦδε·
754 1830 814 1887 ἐν
835 1825 1053 1903 τεμένεϊ
1080 1824 1419 1903 Ἀφροδίτης
1445 1822 1704 1884 κατέαται
1729 1824 1938 1901 στέφα-

336 1938 433 1975 νον
458 1913 586 1992 περὶ
610 1917 749 1993 τῇσι
782 1916 1074 1993 κεφαλῇσι
1114 1913 1347 1992 ἔχουσαι
1386 1910 1682 1992 θώμιγγος,
1722 1911 1940 1971 πολλαὶ

336 2006 607 2081 γυναῖκες·
647 2006 706 2062 αἶ
724 2004 828 2079 μὲν
844 2000 955 2082 γάρ
973 2002 1402 2081 προσέρχονται,
1423 2003 1482 2059 αἱ
1507 1999 1567 2059 δὲ
1585 1998 1939 2077 ἀπέρχονται·

340 2090 714 2166 σχοινοτενέες
739 2090 800 2149 δε
835 2090 1070 2160 διέξοδοι
1108 2089 1292 2165 πάντη
1329 2087 1540 2167 τρόπον
1578 2084 1774 2146 ὁδῶν*
1745 2110 1940 2163 εχουσι

339 2174 432 2235 διὰ
454 2181 565 2237 τῶν
587 2180 875 2257 γυναικῶν,
902 2176 969 2237 δι’
998 2176 1072 2238 ὧν
1098 2180 1154 2237 οἱ
1180 2177 1348 2247 ξεῖνοι
1373 2173 1661 2246 διεξιόντες
1686 2172 1939 2253 ἐκλέγον·

336 2287 449 2324 ται.
510 2264 694 2325 ἔνθα’
668 2263 834 2324 επεοὶν
861 2264 1040 2341 ἵζηται
1064 2264 1223 2347 γυνὴ,
1252 2263 1318 2325 οὗ
1343 2264 1614 2342 πρότερον
1639 2259 1939 2321 άπαλλάσ-

339 2375 503 2411 σεται
527 2356 583 2416 ἐς
606 2351 680 2412 τοὶ
706 2352 853 2413 οικία
875 2350 913 2429 ἦ
952 2353 1038 2417 τίς
1063 2380 1117 2413 οι
1143 2352 1331 2423 ξείνων
1369 2350 1634 2434 αργῦριον
1669 2348 1938 2429 ἐμβαλων

338 2442 395 2502 ἐς
433 2439 505 2499 τοὶ
542 2439 789 2522 γούνατα
827 2441 1008 2519 μιχθῇ
1046 2440 1150 2510 ἔξω
1186 2442 1288 2501 τοῦ
1329 2441 1470 2518 ἱροῦ·
1511 2440 1840 2518 ἐμβαλόντα
1878 2439 1939 2499 δὲ

336 2526 424 2597 δεῖ
434 2530 606 2587 εἰπεῖν
620 2526 873 2589 τοσόνδε·
906 2538 941 2565 “
960 2527 1234 2587 ἐπικαλέω
1257 2552 1348 2587 τοι
1360 2527 1464 2603 τὴν
1480 2527 1609 2590 θεὸν
1623 2525 1937 2589 Μύλιττα·”

335 2614 599 2676 Μύλιττα
625 2615 685 2675 δέ
710 2615 981 2675 καλέουσι
1011 2615 1119 2692 τήν
1148 2614 1491 2693 Ἀφροδίτην
1508 2613 1827 2694 Ἀσσύριοι·
1868 2614 1935 2675 τό

334 2702 457 2762 δὲ’
420 2701 684 2785 αργῦριον
708 2702 1006 2785 μέγαθός’
980 2729 1104 2764 εστι
1128 2702 1270 2764 ὅσον
1297 2701 1392 2763 ὦν·
1433 2701 1498 2762 οῦ
1535 2728 1647 2814 γαρ
1672 2728 1751 2780 μη
1789 2700 1937 2762 ‹in-‹25-

333 2789 631 2867 emat-013
655 2790 765 2873 γάρ
792 2816 847 2851 οι
873 2790 1082 2868 θέμις’
1056 2790 1200 2851 εστί·
1237 2789 1450 2873 γίνεται
1486 2816 1598 2871 γαρ
1627 2790 1746 2869 ἶρόν
1769 2793 1938 2850 τοῦτο

330 2876 399 2938 τό
431 2876 712 2960 ἀργύριον·
768 2882 847 2958 τῷ
886 2878 949 2937 δε
984 2903 1186 2957 πρωτω
1226 2875 1537 2956 ἐμβαλόντι
1578 2878 1782 2948 ἕπεται,
1810 2876 1936 2937 οὐδὲ

332 2963 651 3045 ἀποδοκιμᾷ
687 2964 899 3026 οὐδένα·
952 2964 1119 3026 ἐπεαν
1163 2965 1224 3025 δὲ
1262 2966 1460 3045 μιχθῇ,
1495 2964 1934 3041 ἀποσιωσαμένη

329 3056 403 3132 τῇ
430 3053 537 3132 θεῷ
562 3052 1004 3114 ἀπαλλάσσεται
1044 3058 1099 3117 ἐς
1137 3053 1210 3114 τοὶ
1237 3054 1398 3125 οἰκία,
1427 3054 1519 3113 καὶ
1541 3052 1694 3114 τῶπό
1732 3050 1934 3112 τούτου

331 3165 433 3201 ουκ
459 3139 601 3203 οὕτω
641 3141 791 3223 μέγα
813 3141 875 3202 τί
904 3166 959 3201 οι
988 3139 1261 3205 δείσας’
1219 3166 1292 3204 ως
1319 3165 1418 3217 μιν
1449 3139 1719 3217 λάμψεαι.
1799 3136 1934 3197 ὅσαι

328 3228 435 3303 μέν
461 3254 559 3290 νυν
585 3228 755 3293 εἴδεός
777 3253 841 3289 τε
866 3229 1179 3305 ἐπαμμέναι
1207 3229 1317 3288 εἰσὶ
1354 3228 1446 3286 καὶ
1477 3224 1764 3305 μεγάθεος,
1787 3246 1934 3301 ταχυ

328 3314 825 3380 ἀπαλλάσσονται·
892 3315 1029 3377 ὅσαι
1092 3310 1156 3375 δὲ
1219 3313 1470 3392 αμορφοι
1531 3309 1736 3371 αὐτέων
1801 3310 1930 3381 εἶσὶ,
