2267 3517
357 128 640 194 125-127]
1053 128 1278 180 Immo.
1890 132 1954 179 65

356 207 520 280 Δάοι,
547 207 787 287 Μάρδοι,
817 210 1108 288 Δροπικοὶ,
1137 208 1485 291 Σαγάρτιοι.)
1561 209 1660 273 Ὡς
1690 209 1751 269 δὲ
1773 235 1913 287 παρ-
1932 211 2047 271 126

353 301 507 372 ἦσαν
545 293 782 361 ἅπαντες
822 299 1040 376 ἔχοντες
1078 322 1145 356 το
1187 296 1602 374 προειρημένον,
1645 297 1953 358 ἐνθαῦτα
1920 326 1952 357 ο

357 389 560 462 Κῦρος,
596 384 667 460 ἦν
696 384 806 465 γάρ
840 411 924 447 τις
962 390 1144 464 χῶρος
1171 388 1272 459 τῆς
1308 389 1597 461 Περσικῆς
1635 384 1954 462 ἀκανθώδης

355 471 496 531 ὅσον
529 498 591 531 τε
628 474 720 531 ἐπὶ
755 472 1123 532 ὀκτωκαίδεκα
1159 470 1488 534 σταδίους
1454 499 1491 548 η
1533 473 1712 531 εἴκοσι
1748 472 1949 549 πάντη,

351 559 550 619 τοῦτόν
575 566 688 636 σφι
710 559 809 621 τόν
832 563 1017 638 χῶρον
1040 563 1273 637 προεῖπε
1299 560 1699 637 ἔξημερῶσαι’
1672 586 1730 621 εν
1752 560 1953 641 ἡμέρῃ·

355 647 794 708 ἐπιτελεσάντων
845 648 906 707 δὲ
955 652 1064 708 τῶν
1114 649 1385 725 Περσέων
1438 646 1537 707 τόν
1593 650 1955 726 προκείμενον

352 733 574 808 ἄεθλον,
602 735 831 813 δεύτερά
860 741 974 811 σφι
1002 739 1239 812 προεῖπε
1270 740 1325 798 ἐς
1356 734 1460 811 τὴν
1488 735 1789 814 ὖστεραίην
1814 762 1956 814 παρ-

352 825 492 882 εῖναι
516 824 906 901 λελουμένους·
935 829 992 882 ἐν
1018 823 1078 881 δὲ
1095 821 1272 900 τούτῳ
1295 821 1369 881 τά
1390 847 1454 882 τε
1478 822 1711 882 αἰπόλια
1736 825 1829 883 καὶ
1853 824 1955 888 τὰς

350 911 590 986 ποίμνας
615 913 708 970 καὶ
730 910 803 971 τοὶ
833 910 1114 988 βουκόλια
1140 910 1172 969 ὁ
1198 914 1387 986 Κῦρος
1409 909 1593 970 πάντα
1621 916 1722 970 τοῦ
1746 912 1957 989 πατρός

352 1000 666 1071 συναλίσας
698 1004 753 1063 ἔς
781 999 976 1069 τῶυτδ,
1011 999 1132 1058 ἔθυε
1165 998 1257 1056 καὶ
1290 996 1670 1075 παρεσκεύαζε
1702 998 1773 1061 ὦς
1808 998 1956 1069 δεξό·

351 1108 516 1159 μενος
551 1090 661 1145 τῶν
699 1085 970 1164 Περσέων
1007 1084 1106 1144 τόν
1146 1083 1408 1161 στρατόν,
1441 1084 1583 1161 πρός
1620 1085 1695 1156 δὲ,
1732 1086 1859 1165 οἴνῳ
1892 1111 1957 1147 τε

353 1173 447 1230 καὶ
480 1174 714 1233 σιτίοισι
747 1173 817 1236 ὥς
849 1170 1354 1249 ε’πιτηδεωτάτοισι.
1390 1171 1755 1249 ἀπικομένους
1793 1173 1853 1231 δὲ
1882 1178 1957 1253 τῇ

353 1256 618 1337 ὑστεραίῃ
635 1259 764 1323 τούς
790 1261 1021 1338 Πέρσας
1042 1259 1376 1321 κατακλίνας
1396 1264 1451 1322 ἐς
1468 1263 1713 1337 λειμῶνα
1734 1258 1951 1339 εὐώχεε.

353 1347 479 1404 ε’πεί
504 1372 567 1406 τε
597 1347 658 1405 δὲ
686 1346 798 1408 α’,πό
832 1347 1052 1408 δείπνου
1083 1346 1249 1423 ἦσαν,
1277 1346 1455 1425 εἴρετό
1487 1353 1673 1423 σφεας
1704 1347 1737 1408 ὅ
1764 1353 1955 1426 Κῦρος

353 1432 553 1511 κότερα
590 1434 663 1495 τοὶ
699 1439 772 1514 τῇ
810 1436 1111 1513 προτεραίῃ
1154 1434 1309 1514 εἶχον
1345 1432 1383 1511 ἢ
1422 1432 1494 1494 τοὶ
1530 1435 1807 1512 παρεόντα
1842 1442 1956 1513 σφι

352 1521 438 1598 εἴη
478 1522 846 1601 αἱρετώτερα,
890 1526 944 1583 οἱ
979 1523 1040 1583 δὲ
1078 1524 1301 1599 ἔφασαν
1335 1521 1560 1583 πολλὸν
1598 1523 1736 1584 εἶναι
1775 1523 1955 1585 αὐτῶν

349 1610 416 1670 τὸ
450 1612 648 1688 μέσον·
689 1611 794 1687 τήν
818 1614 923 1688 μὲν
946 1610 1057 1692 γὰρ
1093 1610 1369 1689 προτέρην
1394 1609 1607 1688 ἦμέρην
1633 1611 1816 1672 πάντα
1841 1617 1956 1688 σφι

351 1724 494 1758 κακα
529 1698 689 1779 ἔχειν,
730 1698 835 1776 τήν
877 1698 938 1758 δὲ
983 1697 1112 1758 τότε
1160 1701 1483 1775 παρεοῦσαν
1522 1696 1705 1759 πάντα
1746 1698 1952 1780 αγαθά·

350 1787 703 1864 παραλαβῶν
738 1787 798 1846 δὲ
836 1790 1005 1846 τοῦτο
1043 1810 1110 1846 το
1154 1786 1284 1849 ἔπος
1316 1812 1349 1845 ο
1388 1788 1576 1862 Κῦρος
1601 1786 1956 1868 παρεγύμνου

350 1898 448 1934 τον
471 1874 655 1935 πάντα
681 1874 874 1955 λόγον,
901 1874 1101 1955 λέγων·
1146 1883 1182 1909 “
1199 1871 1390 1950 ἄνδρες
1411 1874 1651 1951 Πέρσαι,
1670 1873 1810 1934 οὕτω
1825 1873 1957 1952 υμῖν

352 1960 484 2039 ἔχει·
525 1963 937 2039 βουλομένοισι
962 1986 1067 2038 μεν
1094 1961 1225 2038 ε’μέο
1251 1962 1546 2021 πείθεσθαι
1582 1963 1705 2021 ἔστι
1728 1961 1860 2021 τάδε
1893 1989 1957 2023 τε

353 2049 446 2105 καὶ
485 2047 639 2107 ἄλλα
677 2049 850 2126 μυρία
889 2046 1092 2129 ἀγαθοὶ,
1127 2047 1325 2109 οὐδένα
1364 2046 1540 2108 πόνον
1570 2049 1959 2125 δουλοπρεπέα

353 2134 567 2213 ἔχουσι·
593 2136 673 2212 μὴ
692 2136 1102 2212 βουλομένοισι
1129 2136 1191 2195 δὲ
1217 2136 1346 2213 ε’μέο
1372 2135 1669 2196 πείθεσθαι
1696 2136 1806 2194 εἰσὶ
1824 2135 1957 2213 ὖμῖν

352 2221 516 2283 πόνοι
552 2228 630 2302 τῷ
666 2224 842 2301 χθιζῷ
881 2223 1277 2301 παραπλήσιοι
1320 2222 1708 2300 ἀναρίθμητοι·
1748 2227 1847 2284 νῦν
1882 2222 1959 2284 ὧν
2034 2222 2041 2229 ’

355 2309 486 2386 ε’μέο
526 2309 850 2387 πειθόμενοι
889 2311 1118 2392 γίνεσθε
1170 2310 1473 2388 ἐλεύθεροι·
1526 2310 1691 2373 αὐτός
1734 2336 1797 2371 τε
1845 2311 1957 2393 γὰρ

355 2398 525 2457 δοκέω
551 2398 672 2477 θείῃ
695 2396 840 2478 τύχῃ
863 2398 1106 2479 γεγονώς
1128 2398 1262 2458 τάδε
1288 2404 1343 2461 ἐς
1366 2402 1558 2477 χεῖρας
1584 2398 1838 2481 ἄγεσθαι,
1866 2400 1960 2459 καὶ

353 2484 526 2562 ὑμέας
562 2484 779 2568 ἥγημαι
818 2484 1020 2564 ἄνδρας
1044 2485 1256 2561 Μήδων
1283 2485 1423 2546 εἶναι
1458 2485 1523 2546 οὔ
1560 2488 1957 2565 φαυλοτέρους,

355 2570 483 2632 οὔτε
511 2572 584 2633 τὰ
616 2573 772 2633 ἄλλα
799 2571 928 2633 οὔτε
954 2572 1028 2632 τὰ
1061 2574 1329 2650 πολέμια·
1375 2572 1445 2637 ὥς
1473 2571 1547 2633 ὧν
1573 2572 1810 2651 ἐχόντων
1836 2572 1956 2646 ὦδε,

355 2658 679 2722 ἀπίστασθε
704 2660 799 2720 ἀπ’
823 2660 1169 2741 Ἀστυάγεος
1193 2660 1297 2737 τὴν
1323 2660 1652 2740 ταχίστην.”

436 2750 663 2825 Πέρσαι
684 2748 790 2825 μέν
814 2772 912 2809 νυν
934 2747 1265 2825 προστάτεω
1292 2748 1715 2825 ἐπιλαβόμενοι,
1742 2748 1918 2828 ἅσμε-
1938 2750 2050 2809 127

355 2860 442 2894 νοι
482 2836 888 2913 ἐλευθεροῦντο,
925 2836 1018 2894 καὶ
1053 2835 1235 2895 πάλαι
1276 2834 1453 2895 δεινόν
1492 2836 1811 2915 ποιεύμενοι
1848 2835 1958 2897 ὕπο

356 2921 568 2997 Μήδων
597 2920 891 3000 ἄρχεσθαι·
930 2921 1253 3004 Ἀστυαγης
1292 2923 1353 2983 δὲ
1396 2921 1467 2985 ὥς
1507 2923 1741 2985 ἐπύθετο
1768 2929 1960 3002 Κῦρον

355 3008 692 3086 πρήσσοντα
721 3014 912 3081 ταῦτα,
938 3010 1167 3088 πέμψας
1193 3009 1439 3091 ἄγγελον
1466 3010 1661 3070 ἐκάλεε
1698 3010 1883 3071 αὐτόν·
1924 3010 1958 3070 ὅ

357 3096 418 3157 δὲ
444 3101 631 3175 Κῦρος
657 3096 876 3156 ε’κέλευε
898 3096 998 3157 τᾶν
1023 3095 1270 3178 ἄγγελον
1296 3096 1745 3178 απαγγέλλειν,
1713 3122 1800 3156 οτι
1823 3095 1959 3174 πρό-

353 3210 519 3264 τερον
541 3184 668 3263 ἥξοι
691 3183 823 3262 παρ’
850 3188 1056 3244 ἐκεῖνον
1079 3184 1116 3260 ἢ
1144 3184 1310 3248 αὐτὸς
1332 3182 1651 3263 Ἀστυάγης
1664 3181 1957 3257 βούλεται·

353 3272 602 3337 οἰκούσας
642 3273 704 3333 δὲ
739 3275 917 3333 ταῦτα
955 3269 988 3330 ὅ
1027 3269 1347 3352 Ἀστυάγης
1384 3268 1617 3344 Μήδους
1640 3292 1703 3326 τε
1740 3267 1959 3328 ὥπλισε
