2267 3517
340 132 444 179 166·
956 136 1321 187 ἮΡοΔοωοτ
1830 139 1934 205 [11.

338 210 539 272 ἔσοδον
568 213 699 273 οὔτε
732 211 955 277 ἔκδυσιν
989 213 1250 292 οὖδεμίαν
1281 216 1430 295 ἔχον·
1469 216 1845 295 ἀπορεύμενον
1873 219 1937 279 δέ

336 321 433 372 μιν
471 298 605 359 τάδε
642 305 900 377 ποιῆσαι·
946 306 1047 363 τοῦ
1087 302 1276 380 φωρός
1311 302 1414 363 τόν
1452 302 1612 363 νέκυν
1652 304 1794 365 κατὰ
1830 310 1935 366 τοῦ

336 384 549 463 τείχεος
575 388 1013 467 κατακρεμάσαι·
1057 388 1346 466 φυλάκους
1373 390 1432 450 δὲ
1457 390 1627 451 αὐτοῦ
1654 393 1932 471 καταστή-

335 496 533 545 σαντα,
552 477 912 538 ἐντειᾌασθαί
925 484 1037 554 σφι
1054 476 1154 538 τόν
1172 474 1240 537 ἂν
1255 476 1475 538 ἴδωνται
1490 478 1934 542 ἀποκλαύσαντα

334 556 375 635 ἢ
404 564 895 641 κατοικτισάμενον
920 564 1325 640 συλλαβόντας
1355 564 1513 646 ἄγειν
1538 565 1679 644 πρός
1710 568 1929 629 ἑωυτόν·

340 646 792 728 α’νακρεμαμένου
838 652 899 712 δὲ
943 656 1044 714 τοῦ
1089 651 1296 723 νέκυος,
1336 652 1441 728 τήν
1484 653 1700 732 μητέρα
1745 654 1930 722 δεινῶς

334 734 542 813 φέρειν,
573 738 779 821 λόγους
814 739 875 800 δὲ
912 739 1053 818 πρός
1082 738 1185 801 τόν
1214 739 1504 819 περιεόντα
1537 742 1712 801 παῖδα
1743 767 1938 803 ποιευ-·

333 823 521 901 μένην,
543 827 932 904 προστάσσειν
956 826 1102 908 αὐτῷ
1126 826 1264 909 ὅτεῳ
1280 827 1468 908 τρόπῳ
1495 828 1721 889 δύναται
1743 856 1924 910 μηχα-

332 914 538 973 νᾶσθαι
588 913 727 980 ὅκως
775 916 843 977 τό
896 920 1064 995 σῶμα
1114 919 1218 977 τοῦ
1269 915 1550 992 ἀδελφεοῦ
1604 918 1926 984 καταλύσας

333 1006 530 1077 κομιεῖ·
586 1008 634 1063 εἰ
673 1005 733 1065 δὲ
769 1002 978 1065 τούτων
1017 1003 1312 1081 α’μελήσει,
1353 1004 1687 1066 διαπειλέειν
1733 1004 1929 1083 αὐτὴν,

332 1085 405 1151 ὦς
430 1092 680 1153 ἐλθοῦσα
704 1092 845 1172 πρὸς
868 1092 969 1153 τᾶν
988 1091 1248 1170 βασιλέα
1271 1091 1509 1169 μηνύσει
1536 1090 1706 1154 αὐτὸν
1723 1095 1924 1173 ἔχοντα

330 1175 404 1235 τοὶ
438 1179 719 1258 χρήματα·
762 1179 834 1245 ῶς
872 1180 933 1240 δὲ
964 1184 1230 1260 χαλεπῶς
1263 1179 1619 1257 ἐλαμβάνετο
1657 1180 1696 1256 ἦ
1734 1181 1923 1261 μήτηρ

329 1270 433 1324 τοῦ
456 1267 770 1344 περιεόντος
794 1268 1008 1338 παιδός,
1037 1268 1130 1328 καὶ
1156 1266 1351 1328 πολλὰ
1374 1266 1515 1346 πρός
1547 1267 1718 1345 αὐτὴν
1741 1268 1923 1351 λέγων

330 1351 429 1410 οὐκ
460 1355 659 1426 ἔπειθε,
686 1355 1167 1435 ἐπιτεχνήσασθαι
1194 1355 1383 1416 τοιάδε
1411 1381 1528 1433 μιν·
1569 1354 1727 1419 ὄνους
1757 1365 1920 1418 κατὰ·

330 1441 750 1519 σκευασάμενον
776 1446 867 1502 καὶ
892 1443 1103 1507 άσκούς
1126 1442 1430 1520 πλήσαντα
1456 1444 1624 1514 οἴνου,
1651 1446 1921 1506 ἐπιθεῖναι

330 1526 421 1585 ἐπὶ
443 1533 553 1589 τῶν
576 1529 715 1592 ὄνων
740 1531 834 1591 καὶ
858 1531 1049 1591 ἔπειτα
1074 1530 1324 1592 ἐλαύνειν
1342 1530 1560 1597 αὐτούς·
1593 1532 1666 1596 ῶς
1691 1533 1751 1593 δὲ
1777 1537 1919 1595 κατοὶ

327 1612 457 1679 τούς
502 1618 907 1694 φυλάσσοντας
944 1618 1016 1695 ἦν
1060 1618 1162 1680 τόν
1201 1618 1543 1697 κρεμάμενον
1586 1619 1760 1693 νέκυν,
1801 1627 1915 1681 ἐπι-

326 1702 631 1766 σπάσαντα
644 1709 753 1767 τῶν
763 1705 951 1768 οἷσκῶν
966 1707 1062 1767 δύο
1076 1705 1112 1783 ἢ
1126 1710 1276 1784 τρεῖς
1287 1707 1565 1771 ποδεῶνας
1581 1706 1748 1769 αὐτὸν
1762 1709 1918 1771 λύειν

326 1788 701 1870 ἀπαμμένους·
742 1794 815 1859 ῶς
845 1795 905 1856 δὲ
941 1797 1090 1874 ἔρρεε
1125 1794 1159 1854 ὁ
1197 1795 1360 1865 οἶνος,
1385 1794 1490 1871 τὴν
1524 1796 1781 1873 κεφαλήν
1817 1823 1916 1873 μιν

327 1878 634 1943 κόπτεσθαι
650 1882 877 1965 μεγάλα
894 1885 1137 1960 βοῶντα,
1156 1882 1227 1947 ῶς
1243 1881 1342 1942 οὐκ
1359 1883 1558 1962 ἔχοντα
1575 1883 1716 1961 πρός
1729 1884 1915 1948 ὁκοῖον

323 1970 434 2029 τῶν
472 1968 611 2030 ὄνων
648 1975 868 2050 πρῶτον
904 1971 1204 2051 τράπηται·
1243 1970 1374 2035 τοῦς
1413 1971 1473 2031 δὲ
1513 1970 1800 2047 φυλάκους
1841 1973 1915 2037 ὥς

326 2056 459 2117 ἰδεῖν
482 2059 665 2119 πολῦν
690 2059 889 2137 ῥέοντα
911 2060 1013 2122 τόν
1037 2061 1204 2131 οἶνον,
1226 2058 1547 2139 συντρέχειν
1575 2064 1632 2123 ἐς
1653 2059 1759 2136 τήν
1782 2060 1913 2122 ὁδὸν

322 2143 530 2227 α’γγήῖα
562 2148 789 2227 ἔχοντας
819 2150 912 2209 καὶ
939 2148 1039 2209 τὸν
1069 2145 1431 2227 ἐκκεχυμένον
1463 2146 1613 2207 οἶνον
1643 2151 1911 2229 συγκομί-

322 2235 434 2305 ζειν
475 2240 534 2295 ἐν
569 2236 749 2313 κέρδεϊ
788 2236 1161 2314 ποιευμένους,
1195 2234 1297 2296 τὸν
1329 2236 1390 2294 δὲ
1429 2235 1912 2313 διαλοιδορέεσθαι

322 2326 483 2391 πᾶσι,
532 2322 708 2403 ὀργὴν
750 2322 1248 2401 προσποιεύμενον·
1299 2322 1805 2400 παραμυθευμένων
1849 2324 1912 2385 δὲ

320 2406 487 2468 αὐτόν
524 2413 635 2469 τῶν
677 2410 961 2486 φυλάκων,
1000 2410 1184 2490 χρόνῳ
1223 2409 1570 2487 πρηΰνεσθαι
1607 2413 1910 2487 προσποιέ·

322 2496 485 2556 εσθαι
524 2497 617 2555 καὶ
654 2496 919 2558 ὖπίεσθαι
955 2502 1059 2574 τῆς
1096 2496 1289 2578 ὄργῆς·
1328 2496 1493 2561 τέλος
1532 2498 1609 2568 δὲ,
1642 2498 1910 2568 ἐξελάσαι

320 2581 489 2645 αὗτόν
512 2583 641 2648 τοῦς
665 2583 823 2649 ὅνους
848 2589 908 2644 ἐκ
931 2589 1033 2662 τῆς
1058 2584 1207 2656 ὁδοῦ,
1236 2584 1328 2644 καὶ
1353 2586 1798 2658 κατασκευάζειν·
1837 2587 1910 2652 ῶς

316 2672 378 2732 δὲ
400 2671 608 2754 λόγους
625 2699 687 2733 τε
706 2673 933 2737 πλείους
952 2673 1290 2755 ἐγγίνεσθαι,
1311 2672 1410 2731 καί
1426 2698 1552 2732 τινα
1572 2673 1663 2733 καὶ
1683 2676 1915 2753 σκῶψαί

315 2786 413 2837 μιν
444 2762 537 2821 καὶ
572 2766 628 2825 ἐς
655 2760 876 2844 γέλωτα
904 2759 1349 2843 προαγαγέσθαι,
1367 2760 1660 2835 ,ἐπιδοῦναι
1684 2760 1910 2823 αὐτοῖσι

315 2854 425 2911 τῶν
459 2848 649 2911 οἷσκῶν
686 2850 799 2911 ἕνα·
838 2850 969 2914 τούς
1004 2850 1064 2910 δὲ
1095 2848 1281 2919 αὐτοῦ,
1315 2847 1506 2926 ὥσπερ
1542 2848 1711 2929 εἶχον,
1742 2876 1909 2911 κατα-

311 2938 603 3002 ·κλιθέντας
643 2940 820 2999 πίνειν
850 2938 1216 3009 διανοέεσθαι,
1250 2937 1343 2998 καὶ
1372 2940 1580 2998 ἐκεῖνον
1609 2942 1910 3016 παραλαμ-

313 3026 511 3103 βάνειν
537 3027 629 3086 καὶ
655 3025 897 3086 κελεύειν
919 3025 1039 3103 μετ’
1066 3029 1278 3085 ἑωυτῶν
1301 3028 1566 3103 μείναντα
1592 3026 1906 3101 συμπίνειν·

313 3115 413 3177 τόν
452 3116 511 3176 δὲ
550 3114 855 3191 πεισθῆναί
886 3139 950 3173 τε
990 3113 1058 3189 δή
1092 3114 1185 3172 καὶ
1226 3116 1568 3190 καταμεῖναι·
1609 3112 1681 3174 ὥς
1711 3112 1775 3171 δέ
1808 3138 1909 3187 μιν

312 3204 467 3282 παρὰ
505 3203 608 3281 τήν
645 3202 817 3263 πόσιν
857 3199 1220 3278 φιλοφρόνως
1253 3199 1592 3276 η’σπάζοντο,
1625 3199 1910 3259 ἐπιδοῦναι

313 3289 537 3351 αὖτοῖσι
569 3290 661 3350 καὶ
692 3290 873 3351 ἄλλον
906 3292 1017 3349 τῶν
1048 3287 1257 3347 οἷσκῶν·
1297 3284 1524 3365 δαψιλέῖ
1559 3286 1621 3343 δὲ
1651 3288 1730 3363 τῷ
1752 3288 1909 3363 ποτῷ
