2267 3517
326 149 608 215 126—129]
911 149 1364 200 MEAIIOMENH.
1835 152 1926 199 331

325 233 504 292 σεσθε
543 229 689 301 τότε,
725 231 834 291 εἴτε
868 229 1000 308 ὑμῖν
1039 229 1421 309 μαχησόμεθα
1451 228 1580 306 περὶ
1604 232 1715 288 τῶν
1737 229 1934 305 τάφων

326 320 437 379 εἴτε
470 319 562 378 καὶ
600 318 665 378 οὗ
700 318 1100 397 μαχησόμεθα·
1143 317 1416 395 πρότερον
1451 317 1527 387 δὲ,
1555 315 1625 392 ἢν
1651 317 1731 393 μή
1757 316 1935 395 ἡμέας

326 407 499 488 λόγος
541 411 688 486 αἱρῇ,
735 406 799 467 οὗ
845 406 1200 483 συμμίξομέν
1244 431 1353 465 τοι.
1421 403 1574 481 ἀμφὶ
1625 407 1730 481 μὲν
1775 406 1934 484 μάχῃ

324 500 580 556 τοσαῦτα
622 495 881 573 εἰρήσθω·
938 493 1216 557 δεσπότας
1257 494 1317 552 δὲ
1357 492 1522 570 ἐμοῦς
1563 492 1671 572 ἐγώ
1712 494 1824 551 Δία
1867 520 1930 554 τε

327 585 529 662 νομίζω
564 584 663 645 τὸν
700 583 835 660 ἐμόν
860 583 1156 664 πρόγονον,
1186 583 1278 641 καὶ
1308 581 1523 656 Ἱστίην
1547 579 1651 656 τήν
1680 581 1936 642 Σκυθέων

326 674 651 748 βασιλειαν,
694 671 931 749 μούνους
978 671 1137 730 εἶναι.
1205 670 1302 728 σοὶ
1344 669 1402 728 δὲ
1444 667 1567 729 οἶντὶ
1607 671 1710 745 μὲν
1751 668 1936 746 δώρων

326 766 433 841 γῆς
476 785 539 820 τε
582 760 675 820 καὶ
717 759 915 822 ὕδατος
962 758 1111 835 δῶρα
1153 757 1356 834 πέμψω
1409 761 1639 817 τοιαῦτα
1693 757 1783 817 οἶοί
1837 784 1936 819 σοι

327 847 529 926 πρέπει
577 849 780 909 ἐλθεῖν·
834 845 957 908 ἀντὶ
998 846 1057 905 δὲ
1102 851 1202 905 τοῦ
1245 845 1331 905 ὅτι
1387 844 1664 920 δεσπότης
1717 847 1936 921 ἔφησας

331 937 471 996 εἶναι
501 936 648 1012 ἐμὰς,
682 935 896 996 κλαίειν
931 933 1130 1014 λέγω.”
1209 931 1400 1014 [τοῦτό
1437 937 1562 991 ἐστι
1588 931 1626 1008 ἦ
1655 929 1768 992 οἷπό
1797 934 1936 997 Σκυ-

330 1024 470 1085 θέων
509 1023 721 1105 ῥῆσις.]
802 1022 833 1084 ὁ
880 1025 984 1100 μὲν
1031 1021 1099 1097 δὴ
1145 1020 1320 1097 κῆρυξ
1371 1019 1597 1098 οἰχώκεε
1649 1018 1964 1101 ἀγγελέων

329 1115 508 1171 ταῦτα
536 1114 771 1191 Δαρείῳ.

416 1203 490 1258 Οἱ
513 1199 581 1258 δὲ
608 1200 864 1263 Σκυθέων
891 1199 1167 1275 βασιλέες
1192 1195 1532 1260 ἀκούσαντες
1563 1199 1665 1271 τῆς
1697 1195 1891 1255 δουλο-
1914 1198 2030 1255 128

334 1294 508 1363 σύνης
545 1287 611 1348 τό
653 1287 879 1363 οὔνομα,
908 1287 1081 1367 ὀργῆς
1120 1285 1518 1362 ἐπλήσθησαν.
1599 1284 1704 1360 τὴν
1732 1286 1835 1361 μὲν
1861 1284 1930 1364 δή

332 1374 477 1452 μετοὶ
533 1375 936 1452 Σαυροματέων
997 1379 1202 1451 μοῖραν
1263 1375 1575 1452 ταχθεῖσαν
1633 1375 1734 1448 τῆς
1793 1371 1936 1451 ἦρχε

337 1461 635 1527 Σκώπασις
683 1463 989 1540 πέμπουσι,
1032 1460 1195 1521 Ἴωσι
1251 1462 1568 1524 κελεύοντες
1619 1465 1674 1524 ἐς
1726 1460 1933 1541 λόγους

336 1550 653 1622 ἀπικέσθαι,
669 1550 922 1611 τούτοισι
949 1549 1003 1609 οἳ
1020 1549 1119 1609 τὸν
1134 1549 1367 1626 Ἴστρον
1386 1549 1709 1629 ἐζευγμένον
1731 1547 1933 1624 ἐφρού-

335 1666 481 1717 ρεον·
530 1638 710 1700 αὐτῶν
736 1639 797 1698 δὲ
822 1642 977 1698 τοῖσι
1008 1637 1508 1713 ὑπολειπομένοισι
1535 1637 1686 1706 ἔδοξε
1711 1639 1934 1696 πλανᾶν

335 1730 438 1806 μὲν
481 1729 680 1805 μηκέτι
727 1728 975 1805 Πέρσας,
996 1729 1159 1802 ,σῖτα
1202 1726 1262 1784 δὲ
1307 1724 1573 1785 ἑκάστοτε
1620 1723 1960 1801 ἀναιρεομέ--

335 1841 486 1876 νοισι
512 1817 879 1876 ἐπιτίθεσθαι·
920 1818 1205 1891 νωμῶντες
1241 1811 1316 1871 ὦν
1349 1815 1484 1871 σῖτα
1518 1811 1937 1887 α’ναιρεομένους

335 1903 465 1967 τούς
493 1905 731 1980 Δαρείου
773 1903 991 1961 ἐποίευν
1021 1901 1093 1961 vd
1127 1899 1578 1976 βεβουλευμένα.
1658 1897 1697 1972 ἤ
1733 1901 1836 1974 μὲν
1867 1897 1936 1972 δή

340 1991 509 2054 ἵππος
541 1991 647 2066 τήν
684 1991 857 2049 ἵππον
892 1990 1000 2048 αἰεὶ
1034 1989 1309 2066 τρέπεσκε
1350 1987 1388 2062 ἦ
1429 1991 1539 2046 τῶν
1566 1985 1839 2050 Σκυθέων·
1883 1988 1937 2044 οῖ

340 2078 401 2138 δὲ
439 2082 549 2138 τῶν
589 2077 859 2155 Περσέων
906 2076 1138 2136 ἱππόται
1184 2074 1485 2156 φεύγοντες
1531 2073 1833 2133 ἐσέπιπτον
1880 2077 1935 2137 ἐς

338 2163 439 2225 τᾶν
476 2164 662 2235 πεζόν·
704 2164 737 2224 ὅ
768 2164 829 2224 δὲ
858 2164 1023 2235 πεζός
1062 2162 1131 2224 ἂν
1174 2162 1483 2239 ἐπεκούρεε·
1526 2164 1579 2221 οἳ.
1621 2161 1680 2219 δὲ
1722 2159 1952 2224 Σκύθαι

341 2252 708 2329 ἐσαράξαντες
740 2251 847 2327 τὴν
883 2253 1056 2312 ἵππον
1089 2251 1464 2328 ὗπέστρεφον,
1497 2247 1596 2309 τᾶν
1626 2247 1795 2318 πεζὸν
1833 2254 1936 2323 φο-

338 2340 623 2418 βεόμενοι.
704 2343 989 2399 ἐποιεῦντο
1033 2339 1093 2398 δὲ
1130 2339 1224 2397 καὶ
1261 2338 1361 2400 τὰς
1401 2336 1596 2400 νύκτας
1637 2339 1934 2412 παραπλη-

341 2429 469 2491 σίας
493 2426 833 2505 προσβολοὶς
858 2429 911 2485 οῖ
945 2426 1174 2490 Σκύθαι.
1255 2426 1333 2484 Τὸ
1363 2425 1421 2484 δὲ
1450 2428 1603 2484 τοῖσι
1630 2425 1902 2502 Πέρσῃσί
1918 2426 2032 2483 129

339 2542 402 2576 τε
425 2515 495 2592 ἦν
531 2516 841 2595 σύμμαχον
860 2516 951 2573 καὶ
990 2517 1145 2574 τοῖσι
1187 2512 1440 2591 Σκύθῃσι
1478 2512 1732 2581 α’ντίξοον
1769 2517 1935 2572 ἐπιτι-

342 2605 625 2680 θεμένοισι
665 2607 741 2682 τῷ
773 2603 1013 2679 Δαρείου
1049 2601 1428 2679 στρατοπέδῳ,
1471 2600 1630 2676 θῶμα
1666 2601 1940 2680 μέγιστον

342 2694 491 2768 ἐρέω·
525 2695 635 2751 τῶν
659 2717 723 2751 τε
748 2689 887 2752 ὄνων
910 2689 949 2766 ἦ
976 2690 1133 2766 φωνή
1163 2690 1254 2748 καὶ
1279 2693 1390 2748 τῶν
1415 2687 1658 2765 ἡμιόνων
1683 2687 1750 2748 τό
1775 2688 1936 2751 εἶδος.

342 2805 468 2838 ουτε
490 2779 601 2860 γὰρ
628 2778 757 2839 ὅνον
784 2804 910 2838 ουτε
938 2776 1173 2855 ἡμίονον
1197 2780 1274 2858 γῆ
1300 2775 1338 2851 ἧ
1378 2774 1622 2850 Σκυθικη
1653 2776 1828 2852 φέρει,
1867 2775 1937 2839 ώς

342 2867 435 2926 καὶ
459 2865 731 2974 πρότερόν
754 2891 854 2943 μοι
880 2865 1202 2940 δεδήλωται·
1245 2863 1425 2922 οὖὸὲ”
1398 2889 1519 2923 εστι
1546 2867 1605 2923 ἐν
1641 2867 1712 2940 τῇ
1741 2864 1938 2926 Σκυθι-

343 2957 414 3032 κῇ
439 2953 599 3033 πάσῃ
624 2953 779 3034 χώρῃ
805 2953 871 3013 τὰ
907 2951 1174 3030 παράπαν
1213 2978 1338 3011 ουτε
1370 2950 1510 3019 ὅνος,
1541 2950 1667 3009 οὔτε
1693 2949 1938 3025 ημίονος,

344 3041 435 3101 δια
479 3069 551 3102 τα
604 3041 806 3120 ψύχεα.
852 3039 1290 3117 ὖβρίζοντες’
1251 3066 1324 3099 ων
1366 3041 1419 3098 οἱ
1458 3036 1576 3098 ὄνοι
1618 3036 1939 3113 ἐτάρασσον

340 3156 445 3206 την
472 3131 643 3190 ἵππον
667 3133 777 3189 τῶν
802 3129 1076 3195 Σκυθέων·
1116 3127 1397 3190 πολλάκις
1422 3127 1496 3195 δὲ,
1528 3124 1941 3185 ἐπελαυνόντων

344 3219 437 3278 ἐπὶ
466 3244 595 3282 τους
634 3221 883 3296 Πέρσας,
911 3216 1196 3295 μεταξυ”
1163 3242 1302 3279 οκως
1341 3213 1640 3274 ἀκούσειαν
1681 3239 1736 3272 οι
1778 3212 1942 3271 ἵπποι

339 3311 451 3368 τῶν
491 3305 629 3369 ὄνων
669 3311 771 3386 τῆς
813 3309 1019 3383 φωνῆς,
1062 3301 1448 3381 ἐταράσσοντό
1485 3325 1548 3360 τε
1587 3299 1942 3377 υποστρεφό-
