2267 3517
322 119 1308 170 318‘HPOA0'1'0‘1·
1791 111 1912 182 [rv'

326 196 485 260 εἶναι·
524 199 909 277 αἰτιησάμενοι
940 199 1000 259 δὲ
1034 203 1250 268 τοῦτον,
1276 196 1460 258 ἄλλον
1493 189 1914 284 ἀποπέμπουσι·

328 285 680 347 ἐντέλλονται
704 285 819 345 δὲ’
790 311 870 346 ετι
895 286 1076 356 ζῶντι.
1132 283 1286 344 οὗτοι
1311 288 1367 344 οἱ
1391 283 1548 344 αύτοὶ
1564 279 1796 362 Θρήϊκες
1820 311 1917 346 και

324 372 466 450 πρός
488 371 736 450 βροντήν
758 397 823 433 τε
848 373 940 432 καὶ
975 371 1272 450 οἷστραπην
1285 369 1676 440 τοξεύοντες”
1641 395 1752 431 ανω
1774 373 1916 450 προς

324 460 425 521 vav
455 457 704 536 ούρανόν,
747 457 1040 520 άπειλεῦσι
1077 463 1158 540 τῷ
1196 461 1317 538 θεῷ,
1347 455 1550 518 οὐδένα
1574 457 1756 519 ἄλλον
1785 460 1917 520 θεον

234 552 309 608 95
326 547 636 624 νομίζοντες
675 545 815 607 εἶναι
854 551 905 607 εἰ
939 571 1022 624 μη
1060 546 1161 608 τὸν
1199 547 1496 624 σφέτερον.
1575 545 1674 610 Ὡς
1706 547 1768 606 δὲ
1805 547 1917 628 ἐγὼ

324 632 673 712 πυνθάνομαι
708 638 821 695 τῶν
856 633 959 694 τόν
988 633 1452 708 Ἑλλήσποντον
1461 632 1746 694 οἰκεόντων
1781 633 1914 694 Ἑλ-

326 720 508 796 λήνων
558 722 652 781 καὶ
709 721 947 800 Πόντον,
999 746 1100 782 τον
1133 720 1451 810 Ζάλμοξιν
1500 724 1699 781 τοῦτον
1749 720 1916 782 ἐόντα

325 808 614 885 ἄνθρακι-ον
637 807 999 868 δουλεῦσαι’
972 833 1032 867 εν
1068 791 1260 888 Σάμω·
1301 797 1602 867 δουλεῦσαι
1628 807 1688 868 δὲ
1721 809 1914 870 Πυθα-

324 895 468 978 γόρῃ
492 898 571 976 τῷ
602 895 978 976 Μνησάρχου·
1016 897 1268 956 ἐνθεῦτεν
1305 894 1368 954 δὲ
1397 893 1584 965 αύτον,
1614 895 1914 977 γενόμενον

328 984 634 1061 ἐλεύθερον,
669 983 934 1062 χρήματα
972 982 1295 1060 κτήσασθαι
1333 983 1536 1061 συχνιὶ,
1564 984 1914 1060 κτησάμενον

326 1071 387 1132 δὲ
421 1071 686 1133 ἀπελθεῖν
727 1077 783 1134 ἐς
822 1069 929 1146 τὴν
968 1074 1189 1131 ἑωυτοῦ·
1255 1069 1356 1130 ἅτε
1406 1071 1468 1129 δὲ
1520 1071 1801 1147 κακοβίων
1849 1097 1914 1132 τε

327 1158 525 1220 ἐόντων
588 1162 700 1220 τῶν
762 1158 1015 1234 Θρηΐκιον
1071 1158 1164 1216 καὶ
1225 1157 1748 1234 ὑπαφρονεστέρων,
1812 1159 1913 1220 τόν

328 1245 611 1324 Ζάλμοξιν
648 1249 848 1307 τοῦτον
878 1247 1250 1322 ἐπιστάμενον
1288 1242 1502 1305 δίαιτάν
1539 1269 1603 1304 τε
1625 1243 1782 1304 Ἰάδα
1821 1247 1917 1306 καὶ

258 1370 261 1376 -
324 1331 465 1408 ἤθεα
517 1333 805 1411 βαθύτερα
842 1329 881 1407 ἢ
922 1333 1064 1392 κατοὶ
1116 1330 1375 1410 Θρήϊκας,
1418 1331 1511 1392 οἶα
1552 1330 1814 1408 Ἕλλησί
1853 1358 1918 1394 τε

324 1418 679 1496 ὁμιλήσαντα
746 1421 839 1478 καὶ
901 1418 1194 1494 Ἑλλήνων
1259 1417 1324 1478 οὗ
1385 1423 1464 1498 τῷ
1527 1417 1918 1500 ἀσθενεστάτῳ

330 1511 587 1586 σοφιστῇ
612 1505 937 1587 Πυθαγόρῃ,
970 1505 1503 1567 κατασκευάσασθαι
1539 1504 1831 1582 ἀνδρεῶνα,
1859 1514 1916 1571 ἐς

322 1593 423 1654 τᾶν
471 1593 881 1653 πανδοκεύοντα
927 1597 1039 1653 τῶν
1096 1593 1285 1653 οἷστῶν
1331 1592 1474 1656 τοῦς·
1518 1597 1771 1668 πρῶτους
1820 1596 1916 1655 καὶ

324 1679 643 1758 εὐωχέοντα,
700 1678 1084 1763 ἀναδιδάσκειν
1151 1680 1224 1744 ὥς
1287 1680 1414 1741 οὔτε
1463 1677 1631 1743 αὗτός
1681 1679 1808 1741 οὔτε
1859 1685 1916 1743 οἶ

324 1767 610 1845 συμπόται
660 1766 831 1828 αὖτοΰ
872 1793 999 1828 ουτε
1038 1771 1095 1827 οῖ
1134 1771 1196 1826 ἐκ
1233 1768 1442 1828 τούτων
1487 1769 1595 1828 αἰεὶ
1633 1768 1914 1848 γινόμενοι

320 1853 740 1926 ἀποθανέονται,
766 1853 899 1914 ἀλλ’
933 1855 1134 1930 ἥξουσι
1171 1860 1227 1918 ἐς
1255 1861 1438 1933 χῶρον
1461 1859 1664 1915 τοῦτον
1691 1856 1780 1915 ἵνα
1805 1857 1914 1916 αιεὶ

320 1943 628 2021 περιεόντες
668 1933 858 2014 ἕξουσι
893 1942 968 2002 τοὶ
1006 1943 1190 2003 πάντα
1229 1942 1432 2022 αγαθά·
1475 1948 1534 2002 ἐν
1561 1939 1604 2020 ᾧ
1637 1941 1755 2001 δὲ’
1729 1945 1913 2004 εποίεε

323 2031 396 2092 τοὶ
436 2033 849 2112 καταλεχθέντα
888 2030 981 2090 καὶ
1021 2032 1182 2111 ἔλεγε
1219 2034 1414 2100 ταῦτα,
1447 2034 1512 2090 ἐν
1535 2029 1714 2108 τούτω
1747 2031 1908 2090 κατά-

320 2145 481 2200 γαιον
510 2121 716 2196 οἴκημα
751 2119 1015 2179 ἐποιέετο·
1058 2117 1131 2182 ὥς
1169 2119 1232 2178 δέ
1270 2121 1324 2178 οῖ
1362 2119 1676 2181 παντελέως
1702 2117 1817 2196 εἶχε
1841 2120 1910 2202 τό

322 2208 541 2284 οἴκημα,
577 2212 638 2266 ἐκ
671 2207 777 2282 μὲν
810 2209 922 2266 τῶν
956 2205 1208 2281 Θρηΐκων
1231 2204 1542 2281 ἠφανίσθη,
1572 2205 1825 2280 καταβάς
1851 2206 1913 2266 δὲ

318 2293 467 2353 ’κάτω
496 2298 550 2356 ἐς
573 2293 641 2352 τὰ
668 2291 969 2374 κατάγαιον
994 2293 1200 2368 οἴκημα
1231 2293 1477 2351 διαιτᾶτο
1503 2291 1588 2351 ἐπ’
1615 2293 1739 2353 ἔτεα
1763 2295 1910 2368 τρία·

321 2382 380 2440 οἱ
420 2379 484 2438 δέ
524 2403 623 2456 μιν
665 2379 899 2440 ἐπόθεόν
937 2404 1002 2439 τε
1052 2381 1146 2438 καὶ
1193 2379 1452 2439 ἐπένθεον
1502 2377 1576 2441 ὥς
1620 2380 1911 2440 τεθνεῶτα·

314 2465 559 2544 τετάρτῳ
610 2467 669 2526 δὲ
728 2467 835 2526 ἔτεϊ
892 2466 1072 2542 ἐφάνη
1130 2469 1286 2526 τοῖσι
1343 2465 1560 2543 Θρήῖξι·
1629 2466 1721 2525 καὶ
1772 2467 1914 2527 οὕτω

320 2553 531 2613 πιθανά
568 2557 683 2628 σφι
721 2554 939 2634 ἐγένετο
976 2553 1050 2612 τοὶ
1090 2553 1248 2633 ἔλεγε
1279 2551 1312 2612 ὅ
1356 2552 1656 2629 Ζάλμοξιςι
1737 2553 1914 2614 ταῦτά

229 2640 303 2700 96
322 2639 476 2713 φασί
494 2665 591 2716 μιν
615 2645 871 2716 ποιῆσαι·
909 2638 1058 2719 Ἐγώ
1084 2639 1145 2698 δὲ
1169 2640 1297 2715 περὶ
1335 2641 1438 2716 μὲν
1469 2639 1669 2699 τούτου
1695 2641 1789 2698 καὶ
1811 2643 1914 2700 τοῦ

323 2729 623 2806 καταγαίου
650 2727 947 2804 οἰκήματος
973 2725 1101 2786 οὔτε
1128 2725 1376 2786 ἀπιστέω
1407 2724 1534 2786 οὔτε
1567 2725 1642 2786 ὧν
1666 2726 1913 2786 πιστεύω

320 2837 376 2872 τι
421 2815 568 2890 λίην·
636 2815 805 2874 δοκέω
857 2814 917 2874 δὲ
962 2817 1242 2874 πολλοῖσι
1293 2815 1443 2873 ἔτεσι
1487 2812 1760 2891 πρότερον
1811 2812 1914 2874 τόν

321 2899 602 2977 Ζάλμοξιν
665 2906 864 2962 τοῦτον
926 2901 1192 2981 γενέσθαι
1243 2899 1606 2980 Πυθαγόρεω.
1689 2901 1798 2959 εἴτε
1852 2901 1913 2960 δὲ

324 2988 540 3066 ἐγένετό
563 3013 647 3051 τις
673 2987 953 3063 Ζάλμοξις
988 2985 1292 3063 ἄνθρωπος,
1320 2985 1414 3045 εἴτ’
1444 2987 1568 3067 ἐστὶ
1595 2985 1804 3062 δαίμων
1828 3011 1914 3049 τις

320 3073 529 3150 Γέτῃσι
579 3072 741 3137 οὗτος
793 3071 1101 3151 ἐπιχώριος,
1155 3073 1412 3150 χαιρέτω.
1496 3069 1650 3131 οὗτοι
1697 3074 1802 3148 μὲν
1841 3071 1911 3147 δὴ

317 3158 507 3237 τρόπῳ
571 3159 801 3238 τοιούτῳ
864 3157 1186 3236 χρεώμενοι,
1237 3157 1310 3220 οἷς
1361 3156 1739 3236 ἐχειρώθησαν
1797 3157 1911 3217 ὖπό

318 3245 603 3318 Περσέων,
632 3245 856 3306 εἵποντο
877 3247 957 3322 τῷ
980 3243 1140 3322 ἄλλῳ
1165 3247 1406 3321 στρατῷ.
