2267 3517
363 124 650 189 121—124]
1057 126 1287 175 xmo.
1905 130 1973 179 ez

364 209 719 281 τελευτῆσαι·
749 204 1004 283 ἱστόρεόν
1025 230 1090 265 τε
1123 204 1259 285 ὅτεῳ
1288 205 1479 285 τρόπῳ
1508 208 1897 286 περιγένοιτο;
1936 205 1973 267 ὁ

365 292 429 352 δέ
468 298 582 369 σφι
624 294 799 374 ἔλεγε,
843 292 956 369 ᾠοῖς
993 291 1106 371 πρὸ
1147 297 1249 353 τοῦ
1288 295 1393 369 μὲν
1433 292 1533 353 οὐκ
1574 294 1776 354 εἰδέναι
1816 292 1973 354 σῖλλοὶ

364 378 744 458 ἡμαρτηκέναι
767 384 1058 451 πλεῖστον,
1087 379 1206 440 κατ’
1230 380 1363 440 ὅδὸν
1388 381 1449 441 δὲ
1472 382 1755 442 πυθέσθαι
1778 386 1973 441 πᾶσαν

363 466 467 543 τήν
493 471 693 527 ἑωυτοῦ
717 466 922 544 πάθην·
957 469 1301 529 ἐπίστασθαι
1323 470 1429 546 μὲν
1450 468 1562 550 γοῖρ
1589 468 1661 531 ὥς
1684 468 1973 545 βουκόλου

362 561 464 615 τοῦ
487 554 830 637 Ἀστυάγεος
862 555 948 632 εἴη
979 560 1126 627 παῖς,
1156 554 1268 615 οἷπό
1298 556 1359 615 δὲ
1382 560 1484 633 τῆς
1509 556 1689 616 κεῖθεν
1714 555 1846 617 ὁδοῦ
1870 556 1972 618 τᾶν

361 642 546 704 πάντα
580 642 758 725 λόγον
794 648 906 703 τῶν
943 648 1187 720 πομπῶν
1230 644 1531 705 πυθέσθαι·
1582 648 1866 721 τραφῆναι
1910 644 1972 705 δὲ

363 732 523 813 ἔλεγε
545 730 655 791 ὖπό
680 735 781 807 τῆς
803 735 905 791 τοῦ
927 730 1217 808 βουκόλου
1247 730 1524 813 γυναικός·
1552 729 1643 807 ἥῖέ
1671 757 1733 791 τε
1764 730 1972 809 ταύτην

363 819 553 879 αἰνέων
585 816 678 879 διαὶ
705 817 932 881 παντός·
971 817 1044 893 ἦν
1074 819 1141 878 τέ
1166 821 1220 878 οἱ
1246 823 1304 879 ἐν
1326 822 1403 898 ‘ref
1429 818 1585 899 λόγῳ
1614 816 1688 879 τοὶ
1716 818 1901 880 πάντα
1932 818 1972 896 ἦ

363 905 548 966 Κυνώ.
632 908 686 966 οἰ
712 906 772 966 δὲ
787 905 976 969 τοκέες
999 904 1435 983 παραλαβόντες
1457 907 1525 967 vd
1552 905 1761 984 οὕνομα
1785 912 1970 978 τοῦτο,

364 993 454 1052 ἵνα
486 994 772 1071 θειοτέρως
805 994 972 1072 δοκέῃ
1001 998 1157 1054 τοῖσι
1190 993 1461 1072 Πέρσῃσι
1492 995 1767 1072 περιεῖναί
1794 1002 1907 1071 σφι
1940 995 1972 1056 ὅ

362 1085 512 1153 παῖς,
553 1083 874 1158 κατέβαλον
915 1080 1088 1158 φάτιν
1131 1080 1204 1145 ώς
1246 1082 1557 1158 ἐκκείμενον
1597 1086 1789 1158 Κῦρον
1830 1081 1971 1142 κύων

365 1168 644 1247 ἐξέθρεψε.
726 1170 976 1230 ἐνθεῦτεν
997 1172 1102 1248 μὲν
1125 1168 1164 1245 ἦ
1192 1167 1359 1245 φάτις
1384 1167 1523 1245 αὕτη
1549 1168 1848 1247 κεχώρηκε.

445 1255 614 1336 Κύρῳ
653 1257 713 1316 δὲ
753 1256 1096 1337 ἀνδρευμένῳ
1137 1258 1231 1315 καὶ
1271 1255 1415 1317 ἐόντι
1448 1260 1560 1317 τῶν
1592 1256 1801 1332 ἡλίκων
1838 1255 1929 1317 ἄν·
1950 1258 2066 1318 123

363 1342 660 1423 δρειοτάτῳ
693 1342 786 1403 καὶ
816 1341 1299 1422 προσφιλεστάτῳ
1332 1343 1667 1421 προσέκειτο
1699 1370 1731 1403 ο
1754 1340 1970 1423 ‘'Apu-a-

279 1454 294 1463 ”
360 1456 462 1512 γος
501 1430 652 1509 δῶρα
659 1432 940 1545 πέμπων,
973 1433 1250 1493 τίσασθαι
1279 1429 1600 1513 Ἀστυάγεα
1641 1432 1967 1543 ἐπιθυμέων.

361 1517 459 1578 ἐπ’
485 1522 687 1581 ἑωυτοῦ
710 1518 840 1601 γὰρ,
865 1519 1049 1583 ἐόντος
1083 1518 1321 1590 ἰδιώτεω,
1349 1545 1449 1579 ουκ
1477 1518 1681 1597 ἐνεώρα
1702 1521 1969 1598 τιμωρίην

163 1634 171 1669 ε
361 1608 636 1686 ἐσομένην
676 1613 734 1671 ἐς
761 1605 1099 1690 Ἀστυάγεα·
1143 1612 1335 1684 Κῦρον
1375 1607 1436 1667 δὲ
1473 1605 1644 1685 ὁρέων
1679 1607 1970 1686 ἐπιτρεφό-

355 1720 527 1773 μενον
547 1697 794 1757 ἐποιέετο
819 1694 1141 1775 σύμμαχον,
1161 1694 1262 1757 τοὶς
1286 1693 1471 1758 πάθας
1493 1692 1595 1758 τοὶς
1620 1694 1811 1773 Κύρου
1834 1700 1971 1775 τῇσι

358 1786 562 1844 ἑωυτοῦ
618 1782 998 1861 ὁμοιούμενος.
1085 1782 1197 1860 πρό
1250 1781 1297 1843 δ’
1350 1784 1431 1843 ἔτι
1480 1782 1680 1843 τούτου
1730 1783 1863 1843 τάδε
1913 1787 1968 1843 οἰ

358 1873 729 1954 κατέργαστο·
773 1871 960 1935 ἐόντος
996 1875 1097 1931 τοῦ
1129 1870 1475 1952 Ἀστυάγεος
1512 1875 1713 1950 πικροῦ
1752 1876 1807 1934 ἐς
1838 1871 1969 1936 τοῦς

357 1956 606 2035 Μήδους,
653 1961 991 2041 συμμίσγων
1043 1960 1121 2019 ἑνὶ
1174 1958 1389 2038 ἑκάστῳ
1442 1957 1475 2018 ό
1515 1957 1808 2039 Ἅρπαγος
1855 1964 1966 2020 τῶν

357 2045 590 2122 πρώτων
632 2046 861 2123 Μήδων,
908 2046 1164 2108 ἀνέπειθε
1210 2045 1281 2110 ὥς
1323 2045 1438 2124 χρὴ
1485 2050 1676 2123 Κῦρον
1720 2070 1966 2123 προστη-

359 2134 637 2210 σαμένους
691 2132 792 2195 τόν
838 2134 1159 2217 Ἀστυάγεα
1215 2138 1433 2194 παῦσαι
1481 2138 1583 2208 τῆς
1632 2132 1963 2210 βασιληίης.

360 2221 837 2302 κατειργασμένου
887 2222 950 2281 δέ
1001 2225 1056 2281 οἰ
1103 2221 1304 2283 τούτου
1352 2222 1445 2281 καὶ
1492 2219 1676 2284 ἐόντος
1724 2221 1962 2298 ἑτοίμου,

359 2307 501 2368 οὕτω
543 2308 612 2383 δή
651 2312 730 2387 τῷ
768 2308 936 2389 Κύρῳ
977 2310 1308 2390 διαιτωμένῳ
1350 2314 1408 2368 ἐν
1447 2310 1721 2388 Πέρσῃσι
1751 2309 1963 2385 βουλό-

355 2421 521 2472 μενος
579 2395 613 2457 ὁ
653 2394 946 2478 Ἀρπαγος
1002 2397 1258 2473 δηλῶσαι
1311 2396 1416 2474 τήν
1469 2400 1673 2479 ἑωυτοῦ
1718 2396 1959 2478 γνώμην,

357 2482 546 2547 ἄλλως
582 2487 688 2562 μὲν
727 2483 979 2563 οὐδαμῶς
1018 2486 1152 2565 εἶχε,
1193 2484 1292 2545 ἅτε
1329 2490 1440 2545 τῶν
1478 2485 1620 2546 ὁδῶν
1661 2489 1961 2561 φυλασσο-

354 2571 550 2647 μένων,
580 2571 613 2633 ὁ
650 2572 712 2633 δὲ
747 2577 1101 2653 ἐπιτεχνᾶται
1138 2571 1371 2633 τοιόνδε·
1412 2572 1593 2654 λαγὸν
1630 2572 1960 2651 μηχανησά-

354 2684 535 2735 μενος,
562 2660 656 2719 καὶ
680 2658 999 2739 ἀνασχίσας
1028 2658 1229 2721 τούτου
1258 2659 1363 2736 τὴν
1393 2662 1646 2742 γαστέρα
1677 2662 1770 2719 καὶ
1802 2660 1959 2721 οὐδὲν

355 2745 645 2818 οἷποτίλας,
675 2748 745 2812 ὥς
770 2749 831 2809 δὲ
855 2749 990 2827 εἶχε,
1017 2746 1159 2808 οὕτω
1194 2748 1426 2824 ἐσέθηκε
1450 2750 1708 2825 βιβλίον,
1734 2748 1958 2829 γράψας

351 2832 426 2893 τά
457 2838 512 2894 οἰ
542 2834 743 2895 ἐδόκεε·
784 2834 1116 2915 ἀπορράψας
1144 2836 1205 2895 δὲ
1228 2840 1329 2895 τοῦ
1353 2839 1535 2917 λαγοῦ
1558 2835 1663 2912 τὴν
1685 2838 1953 2916 γαστέρα,

353 2923 446 2981 καὶ
472 2923 665 2982 δίκτυα
696 2923 822 2987 δοὺς
852 2922 951 2985 ἅτε
985 2925 1223 3003 θηρευτῇ
1246 2928 1357 2984 τῶν
1383 2926 1633 2983 οἰκετέων
1657 2928 1731 3002 τιζ
1756 2948 1953 2983 πιστο-

349 3009 513 3090 τάτῳ,
537 3010 835 3072 ἀπέστειλε
857 3017 912 3076 ἐς
929 3010 1058 3075 τοῦς
1077 3012 1329 3089 Πέρσας·
1355 3010 1736 3088 ἐντειλάμενός
1762 3014 1815 3069 οῖ
1840 3009 1952 3069 οἷπὸ

349 3098 638 3179 γλώσσης,
677 3098 896 3160 διδόντα
933 3099 1032 3159 τόν
1066 3098 1247 3181 λαγόν
1286 3098 1455 3209 Κύρῳ
1496 3102 1755 3167 ἐπειπεῖν,
1789 3096 1949 3155 αὖτο-

347 3187 530 3267 χειριῃ
573 3213 673 3265 μιν
726 3187 946 3260 διελεῖν,
995 3187 1088 3246 καὶ
1132 3186 1347 3264 μηδένα
1390 3190 1444 3245 οἱ
1486 3189 1663 3245 ταῦτα
1706 3186 1951 3241 ποιεῦντι

345 3280 622 3355 παρεῖναι.
703 3274 894 3337 Ταῦτά
925 3300 990 3335 τε
1015 3273 1151 3351 δὴ’
1110 3300 1185 3335 ων
1209 3273 1469 3333 ἐπιτελέα
1499 3270 1723 3352 ἐγίνετο,
1751 3268 1844 3327 καὶ
1875 3293 1907 3326 ο
1890 3266 2043 3327 ‘124
