2267 3517
325 154 602 219 115—118]
1003 157 1271 206 OAAEIA.
1825 158 1921 212 25⁷

321 232 562 311 ἑκάστης
592 234 901 296 ἑκάστοισι·
955 236 1080 296 ἐπεί
1107 261 1173 296 τε
1203 236 1263 294 δὲ
1297 234 1408 296 om?
1438 237 1519 314 τῷ
1548 235 1753 316 Πέρσῃ
1771 239 1921 348 effi,

320 322 640 383 πεπόνθασι
689 321 922 384 τοιόνδε·
1001 349 1103 387 τας
1171 322 1495 436 διασφάγας
1560 329 1670 384 τῶν
1722 323 1926 401 οὐρέων

322 409 570 488 ἐνδείμας
611 410 643 470 ὁ
695 410 990 487 βασιλεῦς,
1033 410 1219 474 πύλας
1261 411 1345 472 ἐπ’
1389 411 1600 491 ἑκάστῃ
1644 412 1925 495 διασφάγι

321 498 548 574 ἔστησε·
589 499 1066 576 αποκεκληῖμένου
1093 499 1155 559 δὲ
1178 503 1279 559 τοῦ
1303 498 1503 563 ὕδατος
1532 505 1633 576 τῆς
1658 500 1922 573 διεξόδου,

318 585 386 646 τό
437 587 630 646 πεδίον
677 586 746 647 τό
799 586 951 650 ἐντός
990 590 1102 647 τῶν
1144 586 1347 665 οὐρέων
1398 588 1649 669 πέλαγος
1690 589 1919 668 γίνεται,

321 673 626 739 ἐνδιδόντος
675 677 781 752 μὲν
829 679 931 735 τσῦ
989 679 1252 752 ποταμοῦ
1312 675 1539 754 ἔχοντος
1590 675 1652 734 δὲ
1704 675 1923 754 οὐδαμῆ

320 761 600 837 ἐξήλυσιν.
687 761 842 824 οὗτοι
867 762 940 823 ὧν
965 764 1124 841 οἷπερ
1162 764 1481 841 ἔμπροσθεν
1514 763 1760 825 ἐώθεσαν
1782 769 1921 843 χρᾶ-

319 851 459 910 σθαι
483 854 562 910 τῶ
585 850 758 924 ὕδατι,
789 849 890 911 οὐκ
917 851 1139 930 ἔχοντες
1168 850 1315 930 αὖτῶ
1347 852 1617 931 χρᾶσθαι,
1645 857 1920 933 συμφορῇ

317 937 544 1018 μεγάλῃ
569 939 944 1018 διαχρέωνται·
983 939 1085 1000 τᾶν
1107 942 1213 1016 μὲν
1234 965 1345 1020 γαρ
1371 942 1619 1017 χειμῶνα
1637 938 1723 999 ὕει
1748 940 1921 1015 σφι“
1888 968 1919 1002 ο

319 1025 462 1097 θεός,
508 1026 696 1103 ὥσπερ
734 1027 826 1086 καὶ
854 1030 1010 1087 τοῖσι
1047 1025 1283 1087 ἄλλοισι
1319 1025 1683 1103 ἀνθρώποισι·
1723 1031 1823 1087 τοῦ
1858 1029 1921 1090 δέ

319 1113 508 1190 θέρεος
533 1116 854 1193 σπείροντες
877 1115 1113 1193 μελίνην
1140 1114 1234 1174 καὶ
1264 1113 1549 1189 σήσαμον,
1575 1115 1918 1192 χρηισκοντο

316 1204 396 1278 τῷ
445 1199 622 1262 ὕδατι·
677 1201 844 1264 ἐπεάν
897 1202 973 1264 ὧν
1023 1202 1199 1279 μηδέν
1241 1207 1354 1278 σφι
1393 1201 1773 1277 παραδιδῶται
1810 1206 1913 1264 τοῦ

316 1287 532 1358 ὕδατος,
575 1289 832 1353 ἐλθόντες
871 1295 927 1353 ἐς
962 1289 1092 1353 τούς
1118 1290 1353 1368 Πέρσας
1392 1287 1555 1348 αὐτοί
1586 1314 1651 1350 τε
1690 1289 1782 1348 καὶ
1818 1316 1916 1370 γυ-

314 1378 515 1448 ναῖκες,
541 1376 774 1440 στάντες
799 1377 940 1438 κατοὶ
963 1378 1064 1440 τοῖς
1092 1377 1263 1455 θύρας
1286 1380 1387 1437 τοῦ
1413 1377 1694 1452 βασιλέος
1721 1378 1913 1453 βοῶσι

315 1461 638 1542 ῶρυόμενοι·
693 1464 728 1526 ὁ
768 1465 828 1525 δὲ
865 1465 1147 1541 βασιλεῦς
1184 1469 1341 1525 τοῖσι
1379 1464 1695 1541 δεομένοισι
1734 1464 1915 1527 αὐτῶν

311 1552 570 1628 μάλιστα
595 1552 1183 1634 ἐντέλλεταιάνοίγειν
1206 1551 1310 1616 τοῖς
1334 1551 1519 1630 πύλας
1540 1552 1642 1616 τὰς
1666 1556 1722 1616 ἐς
1744 1556 1915 1614 τοῦτο

313 1641 616 1719 φερούσας·
672 1641 840 1703 ἐπεοὶν
873 1641 936 1701 δὲ
975 1639 1233 1718 διάκορος
1267 1639 1307 1717 ἦ
1338 1645 1417 1722 γῆ
1457 1641 1650 1717 σφέων
1687 1641 1916 1721 γένηται

315 1731 554 1790 πίνουσα
577 1730 644 1791 τό
683 1731 845 1808 ὕδωρ,
873 1727 1038 1790 αὗται
1071 1731 1177 1806 μὲν
1202 1732 1261 1789 αἱ
1285 1729 1462 1788 πύλαι
1494 1728 1912 1804 ἀποκληίονται,

311 1817 495 1882 ἄλλας
534 1816 581 1878 δ’
622 1820 942 1879 ἐντέλλεται
981 1816 1225 1899 ἀνοίγειν
1260 1817 1496 1892 ἄλλοισι
1534 1819 1689 1876 τοῖσι
1724 1816 1913 1894 δεομέ-

309 1930 461 1966 νοισι
483 1906 740 1982 μάλιστα
762 1911 872 1967 τῶν
895 1909 1128 1966 λοιπῶν·
1170 1904 1241 1970 ῶς
1267 1905 1327 1964 δὲ
1354 1904 1463 1985 ἐγῶ
1490 1903 1614 1963 οἴδα
1649 1902 1913 1976 ἀκούσας,

308 1992 574 2072 χρήματα
617 1994 844 2076 μεγάλα
887 1993 1286 2071 πρησσόμενος
1325 1991 1552 2072 ἀνοίγει,
1587 1990 1769 2067 πάρεξ
1808 1996 1913 2051 τοῦ

311 2079 512 2156 φόρου.
591 2086 770 2142 ταῦτα
794 2083 898 2158 μὲν
925 2080 992 2157 δή
1023 2085 1139 2161 ἔχει
1164 2081 1324 2142 οὕτω.

391 2171 514 2227 Τῶν
554 2169 613 2228 δὲ
650 2173 728 2248 τῷ
766 2167 951 2250 Μάγῳ
993 2168 1423 2230 ἐπαναστάντων
1462 2165 1603 2226 ἐπταῖ
1641 2163 1869 2244 ἀνδρῶν,
1890 2169 2006 2228 118

311 2254 407 2314 ἕνα
449 2255 628 2317 αὐτῶν
665 2255 1025 2334 Ἰνταφέρνεα
1065 2258 1367 2333 κατέλαβε,
1402 2255 1723 2333 ὑβρίσαντα
1758 2253 1909 2325 τάδε,

309 2341 610 2406 ἀποθανεῖν
651 2343 847 2404 αὐτίκα
885 2344 1029 2423 μετοὶ
1067 2345 1175 2420 τήν
1201 2343 1604 2404 ἐπανάστασιν·
1644 2341 1817 2418 ἤθελε
1857 2347 1913 2407 ἐς

307 2430 379 2489 τοὶ
418 2431 704 2508 βασιλήῖα
744 2431 996 2494 ἐσελθῶν
1033 2432 1501 2512 χρηματίσασθαι
1534 2435 1613 2510 τῷ
1646 2431 1907 2506 βασιλέϊ·

308 2520 401 2577 καὶ
430 2520 542 2601 γὰρ
581 2522 650 2597 δὴ
677 2522 770 2580 καὶ
797 2520 829 2582 ό
856 2520 1027 2597 νόμος
1064 2520 1207 2580 οὕτω
1234 2520 1350 2599 εἶχε
1374 2523 1531 2580 τοῖσι
1556 2522 1911 2580 ἐπαναστᾶσι

304 2611 384 2684 τῷ
420 2608 620 2691 Μάγῳ,
651 2610 849 2669 ἔσοδον
876 2609 1016 2668 εἶναι
1045 2608 1201 2685 παρὰ
1226 2608 1482 2685 βασιλέα
1506 2605 1635 2667 ἄνευ
1662 2604 1910 2688 άγγέλου

304 2694 376 2769 ἢν
411 2695 493 2772 μή
521 2698 741 2777 γυναικὶ
774 2696 1026 2778 τυγχάνῃ
1051 2695 1397 2777 μισγόμενος
1422 2695 1453 2756 ό
1480 2693 1779 2771 βασιλεύς·
1822 2692 1911 2753 οὕ-

307 2807 414 2842 κων
453 2783 522 2859 δή
562 2784 921 2863 Ἰνταφέρνης
962 2785 1198 2844 ἐδικαίευ
1240 2783 1435 2844 οὐδένα
1470 2787 1526 2843 οἳ
1562 2784 1907 2864 ἐσαγγεῖλαι,

304 2868 455 2940 ἀλλ’,
483 2871 570 2931 ὅτι
593 2871 666 2948 ἦν
690 2877 801 2932 τῶν
827 2871 984 2942 ἑπτοὶ,
1013 2871 1226 2932 ἐσιέναι
1250 2869 1441 2952 ἤθελε·
1484 2869 1516 2932 ὅ
1543 2872 1604 2931 δὲ
1626 2867 1909 2945 πυλουρός

304 2958 397 3017 καὶ
423 2985 456 3019 ο
483 2958 902 3041 ἀγγελιηφόρος
927 2985 992 3019 ου
1019 2985 1337 3037 περιωρεον,
1356 2958 1600 3037 φάμενοι
1618 2957 1719 3018 τόν
1736 2958 1909 3032 βασι·

302 3046 410 3104 λέα
461 3049 680 3128 γυναικὶ
731 3047 1065 3128 μίσγεσθαι·
1121 3047 1157 3107 ὁ
1206 3047 1265 3106 δὲ
1305 3047 1663 3124 Ἰνταφέρνης
1708 3042 1910 3102 δοκέων

301 3134 489 3209 σφέας
514 3135 719 3215 ψεύδεα
743 3135 947 3215 λέγειν,
968 3135 1145 3196 ποιέει
1168 3133 1373 3194 τοιάδε·
1417 3132 1785 3208 σπασάμενος
1808 3152 1909 3187 τον

299 3219 564 3283 ἀκινάκεα
604 3222 914 3300 ἀποτάμνει
951 3221 1130 3282 αὐτῶν
1155 3220 1228 3281 τά
1251 3247 1314 3280 τε
1341 3220 1455 3280 ὦτα
1482 3219 1575 3276 καὶ
1597 3243 1699 3280 τας
1733 3219 1903 3293 ῥῖνας,

301 3309 397 3370 καὶ
434 3310 656 3393 άνείρας
693 3311 824 3390 περὶ
859 3336 961 3372 τον
993 3307 1232 3399 χαλινον
1262 3311 1365 3368 τοῦ
1404 3307 1577 3366 ἵππου
1616 3305 1746 3383 περὶ
1779 3302 1899 3364 τοῦ(

456 3394 514 3439 21
