2267 3517
356 115 578 181 ἰιι-78]
1053 117 1323 166 emma.
1870 109 1968 160 239

354 193 558 256 λεύειν·
615 194 884 274 Πέρσῃσι
935 195 997 256 δὲ
1047 193 1244 255 πολλοὶ
1299 191 1737 270 ἐπαρησάμενος,
1782 197 1830 254 εἶ
1879 194 1963 270 μή

356 281 774 358 ἀνακτησαίατο
815 281 1000 343 ὀπίσω
1045 282 1151 358 τήν
1195 280 1379 360 οἷρχήν
1426 281 1519 341 καὶ
1558 279 1688 345 τούς
1730 281 1967 362 Μάγους

354 369 632 439 τισαίατο,
660 369 844 446 οἷπῆκε
875 368 1074 430 ἐωυτόν
1111 370 1205 428 ἐπὶ
1242 367 1500 445 κεφαλήν
1528 367 1805 444 φέρεσθαι
1842 369 1957 430 ἀπὸ

353 462 459 517 τοῦ
503 456 724 538 πύργου
771 457 938 517 κάτω.
1020 456 1375 534 Πρηξάσπης
1415 455 1521 532 μέν
1564 481 1679 524 νυν,
1720 454 1824 515 ἐῶν
1861 455 1962 517 τὸν

353 543 540 605 πάντα
563 545 771 624 χρόνον
795 544 936 622 α’νήρ
965 543 1207 621 δόκιμος,
1238 544 1381 604 οὕτω
1410 543 1763 618 ἐτελεύτησε.
1818 591 1821 596 .

438 637 516 693 Οἱ
554 633 615 693 δὲ
652 633 722 709 δή
763 632 904 692 ἐπτοὶ
941 637 1052 694 τῶν
1092 631 1377 709 Περσέων,
1421 630 1493 694 ὥς
1538 630 1958 708 ἐβουλεύσαντο
1980 633 2057 694 76

355 719 554 781 αὐτίκα
595 720 923 799 ἐπιχειρέειν
944 725 1098 780 τοῖσι
1140 719 1401 802 Μάγοισι
1434 720 1527 778 καὶ
1564 719 1647 796 μή
1672 719 1963 796 ύπερβάλ-

355 809 578 878 λεσθαι,
641 808 816 884 ἤϊσαν
870 807 1159 885 εὐξάμενοι
1208 812 1363 867 τοῖσι
1415 808 1615 876 θεοῖσι,
1668 810 1780 867 τῶν
1832 808 1961 885 περὶ

310 923 316 930 ·
361 897 718 972 Πρηξάσπεα
752 895 1114 974 πρηχθέντων
1142 896 1346 958 εἰδότες
1372 892 1549 954 οὐδέν.
1618 895 1676 954 ἔν
1700 920 1763 953 τε
1794 895 1863 970 δὴ
1890 899 1963 976 τῇ

356 981 464 1062 ὁδῷ
506 983 660 1064 με’σῃ
707 985 1028 1063 στείχοντες
1071 984 1335 1064 ἐγίνοντο,
1386 983 1481 1041 καὶ
1523 981 1597 1041 τοὶ
1636 983 1765 1058 περὶ
1806 989 1963 1060 Πρη-

355 1070 578 1138 ξάσπεα
615 1072 890 1152 γεγονότα
931 1071 1321 1131 ἐπυνθάνοντο·
1392 1070 1629 1130 ἐνθαῦτα
1668 1069 1963 1132 ἐκστάντες

353 1159 456 1232 τῆς
494 1158 625 1218 ὁδοῦ
662 1159 924 1219 ἐδίδοσαν
955 1157 1108 1222 αυτίς
1148 1163 1325 1234 σφισι
1351 1157 1572 1237 λόγους,
1601 1158 1655 1215 οἶ
1680 1159 1783 1232 μὲν
1808 1156 1961 1235 ἀμφὶ

355 1243 458 1304 τόν
483 1244 726 1322 Ὀτάνην
755 1246 948 1327 πάγχυ
985 1246 1303 1308 κελεύοντες
1340 1244 1783 1321 ύπερβαλὲσθαι,
1819 1245 1962 1322 μηδὲ

355 1332 642 1394 οἰδεόντων
667 1336 790 1394 ’τῶν
826 1333 1169 1415 πρηγμάτων
1210 1333 1573 1402 ἐπιτίθεσθαι,
1614 1335 1668 1391 οἱ
1708 1332 1769 1392 δὲ
1808 1332 1959 1410 ἀμφὶ

352 1418 454 1479 τὸν
509 1425 752 1498 Δαρεῖον
803 1420 1000 1481 αὐτίκα
1061 1446 1127 1481 τε
1186 1420 1323 1484 ἰέναι
1378 1422 1470 1480 καὶ
1529 1419 1603 1480 τὰ
1656 1420 1961 1502 δεδογμένα

351 1508 576 1581 ποιέειν,
589 1509 746 1622 μηδὲ
780 1509 1271 1586 ὑπερβάλλεσθαι·
1313 1507 1659 1587 ωθιζομένων
1684 1507 1732 1568 δ’
1758 1508 1957 1582 αύτῶν,

351 1595 544 1674 ἐφάνη
588 1597 790 1675 ιρήκων
842 1597 984 1658 ἐπτα
1039 1597 1237 1680 ζεύγεα
1288 1597 1387 1657 δύο
1440 1600 1711 1678 αἰγυπιῶν
1764 1596 1960 1678 ζεύγεα

351 1683 616 1747 διώκοντά
658 1712 722 1746 τε
764 1686 858 1744 καὶ
899 1688 1173 1746 τίλλοντα
1216 1684 1309 1744 καὶ
1351 1683 1704 1762 ἀμύσσοντα·
1754 1685 1959 1750 ἰδόντες

297 1775 302 1780 ’
349 1770 411 1830 δὲ
460 1778 636 1834 ταῦτα
680 1777 734 1834 οἶ
783 1774 938 1844 ἐπτοὶ,
982 1773 1087 1848 τήν
1138 1797 1201 1832 τε
1249 1773 1488 1849 Δαρείου
1534 1772 1737 1836 πάντες
1776 1774 1961 1835 αἴνεον

348 1860 575 1938 γνώμην
603 1862 696 1920 καὶ
724 1863 915 1922 ἔπειτα
939 1861 1112 1937 ἤϊσαν
1140 1861 1233 1920 ἐπὶ
1255 1861 1327 1920 τοὶ
1353 1859 1655 1936 βασιλήῖα,
1683 1861 1956 1937 τεθαρση·

350 1945 506 2011 κότες
557 1953 712 2009 τοῖσι
751 1948 956 2025 ὄρνισι.
1037 1949 1349 2010 Ἑπιστᾶσὶ
1404 1948 1464 2007 δὲ
1503 1949 1597 2007 ἐπὶ
1636 1947 1737 2010 τοὶς
1773 1949 1957 2014 πύλας
1972 1951 2051 2012 77

350 2035 561 2113 ἐγίνετο
596 2027 724 2095 ὀἷόν
763 2062 820 2096 τι
863 2038 1082 2116 Δαρείῳ
1122 2037 1162 2114 η’
1203 2036 1397 2119 γνώμη
1440 2037 1622 2112 ἔφερε·
1674 2035 1951 2096 καταιδεό-

345 2146 504 2196 μενοι
528 2122 641 2202 γοῖρ
669 2126 724 2182 οἱ
751 2123 998 2199 φύλακοι
1024 2125 1225 2202 ἄνδρας
1248 2125 1379 2188 τούς
1395 2121 1663 2201 Περσέων
1682 2122 1947 2200 πρώτους,

349 2210 442 2267 καὶ
471 2209 628 2270 οὐδὲν
663 2214 915 2272 τοιοῦτον
950 2212 1355 2276 ὑποπτεύοντες
1392 2213 1456 2282 ἐξ
1488 2211 1667 2272 αὐτῶν
1704 2212 1952 2282 ἔσεσθαι,

344 2297 622 2373 παρίεσαν
671 2299 793 2378 θείῃ
844 2303 1045 2378 πομπῇ
1090 2299 1455 2378 χρεωμένους·
1524 2298 1636 2359 οὐδ’
1684 2299 1953 2377 ἐπειρώτα

345 2383 540 2449 ούδείς·
583 2387 709 2446 ἐπεί
727 2412 791 2445 τε
816 2387 876 2446 δὲ
899 2389 1198 2464 παρῆλθον
1225 2394 1279 2451 ἐς
1302 2388 1405 2463 τήν
1430 2387 1627 2464 αύλῆν,
1648 2387 1951 2468 ἐνέκυρσαν

342 2477 497 2532 τοῖσι
521 2473 622 2536 τοὶς
653 2473 922 2554 ἀγγελίας
955 2473 1270 2552 ἐσφέρουσι
1308 2475 1642 2555 εὐνούχοισι,
1672 2476 1734 2536 οἴ
1764 2482 1951 2551 σφεας

346 2560 602 2637 ἱστόρεον
627 2561 660 2622 ὅ
690 2588 750 2621 τι
781 2562 1038 2626 θέλοντες
1068 2562 1275 2638 ἥκοιεν·
1318 2564 1411 2622 καὶ
1446 2563 1565 2642 ἅμα
1606 2562 1951 2641 ἱστορέοντες

341 2648 570 2712 τούτους
602 2652 757 2710 τοῖσι
795 2655 1134 2728 πυλουροῖσι
1166 2650 1446 2721 ἀπείλεον,
1474 2651 1561 2712 ὅτι
1588 2651 1776 2729 σφέας
1807 2678 1947 2730 παρ·

342 2739 501 2811 ἧκαν,
529 2737 698 2816 ἴσχον
722 2763 786 2798 τε
812 2737 1198 2816 βουλομένους
1222 2737 1352 2802 τούς
1381 2739 1521 2798 ἐπτοὶ
1555 2745 1611 2804 ἐς
1646 2740 1713 2801 τὸ
1749 2739 1948 2818 πρόσω

340 2823 616 2902 παριέναι·
659 2829 714 2886 οἱ
741 2825 800 2884 δὲ
825 2827 1318 2904 διακελευσάμενοι
1358 2828 1451 2886 καὶ
1488 2829 1849 2905 σπασάμενοι
1872 2827 1945 2888 τᾶ.

341 2914 660 2992 ἐγχειρίδια,
702 2913 930 2976 τούτους
972 2918 1074 2991 μὲν
1105 2914 1235 2979 τοῦς
1274 2916 1541 2994 ἴσχοντας
1572 2915 1743 2976 αὐτοῦ
1771 2915 1946 2995 ταύτῃ

339 3000 756 3080 συγκεντέουσι,
779 3001 936 3061 αύτοὶ
964 3003 1022 3061 δὲ
1047 3002 1218 3078 ἤϊσαν
1239 3003 1424 3082 δρόμῳ
1452 3009 1505 3066 ἐς
1530 3002 1629 3063 τόν
1650 3003 1941 3079 ἀνδρεῶνα.

341 3091 416 3147 Οἱ
449 3088 508 3146 δὲ
544 3088 739 3170 Μάγοι
773 3091 968 3169 ἔτυχον
1003 3089 1315 3169 ἀμφότεροι
1344 3095 1643 3167 τηνικαῦτα
1677 3089 1857 3153 ἐόντες
1879 3116 1942 3150 τε
1962 3091 2040 3152 78

339 3176 466 3248 ἔσω,
517 3178 610 3237 καὶ
653 3177 726 3238 τοὶ
771 3176 884 3238 οἷπὸ
927 3178 1304 3254 Πρηξάσπεος
1342 3178 1614 3258 γενόμενα
1654 3181 1714 3237 ἐν
1751 3178 1944 3256 βουλῇ

338 3264 577 3346 ἔχοντες·
641 3265 762 3326 ἐπεὶ
808 3265 882 3328 ὧν
929 3266 1077 3326 εἶδον
1118 3266 1250 3330 τούς
1297 3263 1591 3346 εὖνούχους
1635 3263 1942 3343 τεθορυβη·
