<?xml version="1.0" encoding="UTF-8"?>
<!DOCTYPE html PUBLIC "-//W3C//DTD XHTML 1.0 Transitional//EN"
    "http://www.w3.org/TR/xhtml1/DTD/xhtml1-transitional.dtd">
<html xmlns="http://www.w3.org/1999/xhtml" xml:lang="en" lang="en">
 <head>
  <title>
</title>
<meta http-equiv="Content-Type" content="text/html;charset=utf-8" />
  <meta name='ocr-system' content='tesseract 3.04.00' />
  <meta name='ocr-capabilities' content='ocr_page ocr_carea ocr_par ocr_line ocrx_word'/>
</head>
<body>
  <div class='ocr_page' id='page_1' title='image "./herodotus05blakgoog_0307.png"; bbox 0 0 2267 3517; ppageno 0'>
   <div class='ocr_carea' id='block_1_1' title="bbox 304 135 2004 3292">
    <p class='ocr_par' dir='ltr' id='par_1_1' title="bbox 304 135 2004 3292">
     <span class='ocr_line' id='line_1_1' title="bbox 307 135 1914 200; baseline 0.002 -14"><span class='ocrx_word' id='word_1_1' title='bbox 307 141 389 197; x_wconf 77' lang='lat'>44,</span> <span class='ocrx_word' id='word_1_2' title='bbox 413 139 501 200; x_wconf 83' lang='lat'>45]</span> <span class='ocrx_word' id='word_1_3' title='bbox 911 135 1368 188; x_wconf 72' lang='lat' dir='ltr'><strong>anommm.</strong></span> <span class='ocrx_word' id='word_1_4' title='bbox 1818 135 1914 190; x_wconf 79' lang='lat'>29⁷</span> 
     </span>
     <span class='ocr_line' id='line_1_2' title="bbox 308 213 1916 291; baseline -0.001 -15"><span class='ocrx_word' id='word_1_5' title='bbox 308 216 569 276; x_wconf 81' lang='grc' dir='ltr'>πλοίοισι</span> <span class='ocrx_word' id='word_1_6' title='bbox 617 214 832 278; x_wconf 74' lang='grc' dir='ltr'>ἄλλους</span> <span class='ocrx_word' id='word_1_7' title='bbox 878 240 941 274; x_wconf 90' lang='grc' dir='ltr'>τε</span> <span class='ocrx_word' id='word_1_8' title='bbox 992 219 1148 275; x_wconf 82' lang='grc' dir='ltr'>τοῖσι</span> <span class='ocrx_word' id='word_1_9' title='bbox 1190 215 1446 275; x_wconf 86' lang='grc' dir='ltr'>ἐπίστευε</span> <span class='ocrx_word' id='word_1_10' title='bbox 1493 213 1597 290; x_wconf 81' lang='grc' dir='ltr'>τήν</span> <span class='ocrx_word' id='word_1_11' title='bbox 1638 213 1916 291; x_wconf 79' lang='grc' dir='ltr'>ἅληθὴΐην</span> 
     </span>
     <span class='ocr_line' id='line_1_3' title="bbox 310 300 1918 384; baseline -0.001 -20"><span class='ocrx_word' id='word_1_12' title='bbox 310 304 497 384; x_wconf 77' lang='grc' dir='ltr'>ἐρέεψ,</span> <span class='ocrx_word' id='word_1_13' title='bbox 525 304 617 363; x_wconf 75' lang='grc' dir='ltr'>καὶ</span> <span class='ocrx_word' id='word_1_14' title='bbox 651 303 719 378; x_wconf 75' lang='grc' dir='ltr'>δὴ</span> <span class='ocrx_word' id='word_1_15' title='bbox 759 303 850 362; x_wconf 81' lang='grc' dir='ltr'>καὶ</span> <span class='ocrx_word' id='word_1_16' title='bbox 877 301 1146 366; x_wconf 81' lang='grc' dir='ltr'>Σκύλακα</span> <span class='ocrx_word' id='word_1_17' title='bbox 1180 300 1352 380; x_wconf 75' lang='grc' dir='ltr'>ἄνδρα</span> <span class='ocrx_word' id='word_1_18' title='bbox 1389 302 1735 380; x_wconf 78' lang='grc' dir='ltr'>Καρυανδέα·</span> <span class='ocrx_word' id='word_1_19' title='bbox 1778 305 1831 363; x_wconf 82' lang='grc' dir='ltr'>οἳ</span> <span class='ocrx_word' id='word_1_20' title='bbox 1857 303 1918 364; x_wconf 84' lang='grc' dir='ltr'>δὲ</span> 
     </span>
     <span class='ocr_line' id='line_1_4' title="bbox 308 389 1916 470; baseline -0.001 -19"><span class='ocrx_word' id='word_1_21' title='bbox 308 391 642 470; x_wconf 77' lang='grc' dir='ltr'>ὁρμηθέντες</span> <span class='ocrx_word' id='word_1_22' title='bbox 678 396 733 455; x_wconf 91' lang='grc' dir='ltr'>ἐς</span> <span class='ocrx_word' id='word_1_23' title='bbox 766 389 1156 468; x_wconf 82' lang='grc' dir='ltr'>Κασπατύρου</span> <span class='ocrx_word' id='word_1_24' title='bbox 1191 416 1254 451; x_wconf 89' lang='grc' dir='ltr'>τε</span> <span class='ocrx_word' id='word_1_25' title='bbox 1291 389 1492 455; x_wconf 86' lang='grc' dir='ltr'>πόλιος</span> <span class='ocrx_word' id='word_1_26' title='bbox 1519 392 1610 450; x_wconf 80' lang='grc' dir='ltr'>καὶ</span> <span class='ocrx_word' id='word_1_27' title='bbox 1636 394 1736 466; x_wconf 85' lang='grc' dir='ltr'>τῆς</span> <span class='ocrx_word' id='word_1_28' title='bbox 1763 397 1916 450; x_wconf 88' lang='grc' dir='ltr'>Πακ-</span> 
     </span>
     <span class='ocr_line' id='line_1_5' title="bbox 306 477 1916 560; baseline -0.001 -21"><span class='ocrx_word' id='word_1_29' title='bbox 306 483 498 555; x_wconf 80' lang='grc' dir='ltr'>τυϊκῆς</span> <span class='ocrx_word' id='word_1_30' title='bbox 535 484 657 560; x_wconf 75' lang='grc' dir='ltr'>γῆς,</span> <span class='ocrx_word' id='word_1_31' title='bbox 702 481 903 540; x_wconf 79' lang='grc' dir='ltr'>ἔπλεον</span> <span class='ocrx_word' id='word_1_32' title='bbox 945 479 1087 539; x_wconf 78' lang='grc' dir='ltr'>κατοὶ</span> <span class='ocrx_word' id='word_1_33' title='bbox 1126 477 1384 556; x_wconf 76' lang='grc' dir='ltr'>ποταμὸν</span> <span class='ocrx_word' id='word_1_34' title='bbox 1423 478 1565 557; x_wconf 80' lang='grc' dir='ltr'>πρός</span> <span class='ocrx_word' id='word_1_35' title='bbox 1604 477 1686 553; x_wconf 78' lang='grc' dir='ltr'>ἠῶ</span> <span class='ocrx_word' id='word_1_36' title='bbox 1722 504 1788 560; x_wconf 77' lang='grc' dir='ltr'>τε</span> <span class='ocrx_word' id='word_1_37' title='bbox 1824 479 1916 538; x_wconf 86' lang='grc' dir='ltr'>καὶ</span> 
     </span>
     <span class='ocr_line' id='line_1_6' title="bbox 306 566 1914 644; baseline 0.002 -18"><span class='ocrx_word' id='word_1_38' title='bbox 306 566 475 644; x_wconf 75' lang='grc' dir='ltr'>ἡλίου</span> <span class='ocrx_word' id='word_1_39' title='bbox 500 568 778 631; x_wconf 70' lang='grc' dir='ltr'>ἅνατολοῖς</span> <span class='ocrx_word' id='word_1_40' title='bbox 805 573 861 632; x_wconf 87' lang='grc' dir='ltr'>ἐς</span> <span class='ocrx_word' id='word_1_41' title='bbox 887 568 1212 630; x_wconf 76' lang='grc' dir='ltr'>θάλασσαν·</span> <span class='ocrx_word' id='word_1_42' title='bbox 1247 566 1338 627; x_wconf 71' lang='grc' dir='ltr'>διὰ</span> <span class='ocrx_word' id='word_1_43' title='bbox 1367 566 1668 643; x_wconf 72' lang='grc' dir='ltr'>θαλάσσης</span> <span class='ocrx_word' id='word_1_44' title='bbox 1694 567 1754 626; x_wconf 81' lang='grc' dir='ltr'>δὲ</span> <span class='ocrx_word' id='word_1_45' title='bbox 1772 566 1914 644; x_wconf 85' lang='grc' dir='ltr'>πρός</span> 
     </span>
     <span class='ocr_line' id='line_1_7' title="bbox 310 652 1912 734; baseline 0.002 -20"><span class='ocrx_word' id='word_1_46' title='bbox 310 658 555 733; x_wconf 83' lang='grc' dir='ltr'>ἑσπέρην</span> <span class='ocrx_word' id='word_1_47' title='bbox 596 655 879 727; x_wconf 79' lang='grc' dir='ltr'>πλέοντες,</span> <span class='ocrx_word' id='word_1_48' title='bbox 920 659 1236 734; x_wconf 72' lang='grc' dir='ltr'>τριηκοστῷ</span> <span class='ocrx_word' id='word_1_49' title='bbox 1282 655 1417 731; x_wconf 85' lang='grc' dir='ltr'>μηνὶ</span> <span class='ocrx_word' id='word_1_50' title='bbox 1463 652 1816 715; x_wconf 74' lang='grc' dir='ltr'>ἀπικνέονται</span> <span class='ocrx_word' id='word_1_51' title='bbox 1857 659 1912 718; x_wconf 88' lang='grc' dir='ltr'>ἐς</span> 
     </span>
     <span class='ocr_line' id='line_1_8' title="bbox 308 741 1918 825; baseline 0.001 -21"><span class='ocrx_word' id='word_1_52' title='bbox 308 749 507 804; x_wconf 84' lang='grc' dir='ltr'>τοῦτον</span> <span class='ocrx_word' id='word_1_53' title='bbox 534 744 634 805; x_wconf 84' lang='grc' dir='ltr'>τόν</span> <span class='ocrx_word' id='word_1_54' title='bbox 663 748 849 824; x_wconf 82' lang='grc' dir='ltr'>χῶρσν</span> <span class='ocrx_word' id='word_1_55' title='bbox 880 743 1011 805; x_wconf 84' lang='grc' dir='ltr'>ὅθεν</span> <span class='ocrx_word' id='word_1_56' title='bbox 1044 743 1077 804; x_wconf 82' lang='lat' dir='ltr'>o‘</span> <span class='ocrx_word' id='word_1_57' title='bbox 1119 744 1437 825; x_wconf 75' lang='grc' dir='ltr'>Αἰγυπτίων</span> <span class='ocrx_word' id='word_1_58' title='bbox 1472 741 1753 818; x_wconf 71' lang='grc' dir='ltr'>βασιλεῦς</span> <span class='ocrx_word' id='word_1_59' title='bbox 1787 742 1918 806; x_wconf 78' lang='grc' dir='ltr'>τούς</span> 
     </span>
     <span class='ocr_line' id='line_1_9' title="bbox 308 831 1916 910; baseline 0 -19"><span class='ocrx_word' id='word_1_60' title='bbox 308 834 581 904; x_wconf 87' lang='grc' dir='ltr'>Φοίνικας,</span> <span class='ocrx_word' id='word_1_61' title='bbox 607 833 737 896; x_wconf 75' lang='grc' dir='ltr'>τοῦς</span> <span class='ocrx_word' id='word_1_62' title='bbox 772 832 1046 910; x_wconf 81' lang='grc' dir='ltr'>πρότερον</span> <span class='ocrx_word' id='word_1_63' title='bbox 1072 832 1221 900; x_wconf 81' lang='grc' dir='ltr'>εἶπα,</span> <span class='ocrx_word' id='word_1_64' title='bbox 1251 831 1552 892; x_wconf 74' lang='grc' dir='ltr'>ἀπέστειλε</span> <span class='ocrx_word' id='word_1_65' title='bbox 1578 831 1916 908; x_wconf 78' lang='grc' dir='ltr'>περιπλώειν</span> 
     </span>
     <span class='ocr_line' id='line_1_10' title="bbox 308 918 1913 998; baseline -0.002 -17"><span class='ocrx_word' id='word_1_66' title='bbox 308 921 551 998; x_wconf 76' lang='grc' dir='ltr'>Αιβύην·</span> <span class='ocrx_word' id='word_1_67' title='bbox 591 921 736 998; x_wconf 70' lang='grc' dir='ltr'>μετὰ</span> <span class='ocrx_word' id='word_1_68' title='bbox 762 921 823 982; x_wconf 83' lang='grc' dir='ltr'>δὲ</span> <span class='ocrx_word' id='word_1_69' title='bbox 847 920 1077 985; x_wconf 75' lang='grc' dir='ltr'>τούτους</span> <span class='ocrx_word' id='word_1_70' title='bbox 1109 918 1591 998; x_wconf 78' lang='grc' dir='ltr'>περιπλώσαντας,</span> <span class='ocrx_word' id='word_1_71' title='bbox 1618 918 1826 983; x_wconf 78' lang='grc' dir='ltr'>Ἰνδούς</span> <span class='ocrx_word' id='word_1_72' title='bbox 1851 944 1913 979; x_wconf 92' lang='grc' dir='ltr'>τε</span> 
     </span>
     <span class='ocr_line' id='line_1_11' title="bbox 310 1006 1914 1088; baseline -0.001 -20"><span class='ocrx_word' id='word_1_73' title='bbox 310 1012 729 1088; x_wconf 81' lang='grc' dir='ltr'>κατεστρέψατο</span> <span class='ocrx_word' id='word_1_74' title='bbox 765 1012 1005 1086; x_wconf 82' lang='grc' dir='ltr'>Δαρεῖος</span> <span class='ocrx_word' id='word_1_75' title='bbox 1033 1009 1125 1068; x_wconf 86' lang='grc' dir='ltr'>καὶ</span> <span class='ocrx_word' id='word_1_76' title='bbox 1151 1013 1224 1088; x_wconf 84' lang='grc' dir='ltr'>τῇ</span> <span class='ocrx_word' id='word_1_77' title='bbox 1250 1006 1521 1088; x_wconf 76' lang='grc' dir='ltr'>θαλάσσῃ</span> <span class='ocrx_word' id='word_1_78' title='bbox 1549 1006 1722 1084; x_wconf 83' lang='grc' dir='ltr'>ταύτῃ</span> <span class='ocrx_word' id='word_1_79' title='bbox 1753 1010 1914 1086; x_wconf 77' lang='grc' dir='ltr'>ἐχρᾶ-</span> 
     </span>
     <span class='ocr_line' id='line_1_12' title="bbox 308 1092 1910 1175; baseline 0 -19"><span class='ocrx_word' id='word_1_80' title='bbox 308 1123 395 1156; x_wconf 90' lang='grc' dir='ltr'>το·</span> <span class='ocrx_word' id='word_1_81' title='bbox 440 1098 583 1158; x_wconf 80' lang='grc' dir='ltr'>οὗτω</span> <span class='ocrx_word' id='word_1_82' title='bbox 617 1098 709 1158; x_wconf 83' lang='grc' dir='ltr'>καὶ</span> <span class='ocrx_word' id='word_1_83' title='bbox 739 1103 841 1174; x_wconf 84' lang='grc' dir='ltr'>τῆς</span> <span class='ocrx_word' id='word_1_84' title='bbox 872 1096 1089 1174; x_wconf 83' lang='grc' dir='ltr'>Ἀσίης,</span> <span class='ocrx_word' id='word_1_85' title='bbox 1129 1096 1285 1175; x_wconf 78' lang='grc' dir='ltr'>πλὴν</span> <span class='ocrx_word' id='word_1_86' title='bbox 1320 1095 1394 1156; x_wconf 60' lang='lat' dir='ltr'>w)</span> <span class='ocrx_word' id='word_1_87' title='bbox 1429 1094 1571 1171; x_wconf 75' lang='grc' dir='ltr'>πρὸς</span> <span class='ocrx_word' id='word_1_88' title='bbox 1594 1092 1792 1171; x_wconf 80' lang='grc' dir='ltr'>η’έλιον</span> <span class='ocrx_word' id='word_1_89' title='bbox 1817 1094 1910 1156; x_wconf 86' lang='grc' dir='ltr'>οἷν-</span> 
     </span>
     <span class='ocr_line' id='line_1_13' title="bbox 311 1184 1912 1264; baseline -0.001 -21"><span class='ocrx_word' id='word_1_90' title='bbox 311 1186 566 1264; x_wconf 89' lang='grc' dir='ltr'>ίσχοντα,</span> <span class='ocrx_word' id='word_1_91' title='bbox 606 1186 677 1246; x_wconf 72' lang='grc' dir='ltr'>τὰ</span> <span class='ocrx_word' id='word_1_92' title='bbox 719 1185 875 1246; x_wconf 80' lang='grc' dir='ltr'>ἅλλα</span> <span class='ocrx_word' id='word_1_93' title='bbox 914 1185 1209 1262; x_wconf 72' lang='grc' dir='ltr'>ἀνεύρηται</span> <span class='ocrx_word' id='word_1_94' title='bbox 1249 1184 1418 1263; x_wconf 80' lang='grc' dir='ltr'>ὁμοῖα</span> <span class='ocrx_word' id='word_1_95' title='bbox 1449 1184 1806 1262; x_wconf 84' lang='grc' dir='ltr'>παρεχομένη</span> <span class='ocrx_word' id='word_1_96' title='bbox 1838 1186 1912 1262; x_wconf 79' lang='grc' dir='ltr'>τῇ</span> 
     </span>
     <span class='ocr_line' id='line_1_14' title="bbox 306 1269 2004 1352; baseline 0 -20"><span class='ocrx_word' id='word_1_97' title='bbox 306 1273 522 1352; x_wconf 75' lang='grc' dir='ltr'>Λιβύῃ.</span> <span class='ocrx_word' id='word_1_98' title='bbox 588 1273 664 1332; x_wconf 86' lang='grc' dir='ltr'><strong><em>Ἠ</em></strong></span> <span class='ocrx_word' id='word_1_99' title='bbox 706 1274 767 1334; x_wconf 79' lang='grc' dir='ltr'>δὲ</span> <span class='ocrx_word' id='word_1_100' title='bbox 808 1272 878 1350; x_wconf 74' lang='grc' dir='ltr'>δή</span> <span class='ocrx_word' id='word_1_101' title='bbox 919 1273 1165 1352; x_wconf 71' lang='grc' dir='ltr'>Εὐρώπη</span> <span class='ocrx_word' id='word_1_102' title='bbox 1206 1272 1349 1350; x_wconf 70' lang='grc' dir='ltr'>πρὸς</span> <span class='ocrx_word' id='word_1_103' title='bbox 1393 1271 1649 1348; x_wconf 70' lang='grc' dir='ltr'>οὐδαμῶν</span> <span class='ocrx_word' id='word_1_104' title='bbox 1690 1269 1908 1349; x_wconf 88' lang='grc' dir='ltr'>φανερή</span> <span class='ocrx_word' id='word_1_105' title='bbox 1925 1272 2004 1332; x_wconf 82' lang='grc'>45</span> 
     </span>
     <span class='ocr_line' id='line_1_15' title="bbox 309 1359 1913 1443; baseline -0.001 -23"><span class='ocrx_word' id='word_1_106' title='bbox 309 1365 433 1422; x_wconf 86' lang='grc' dir='ltr'>ἐστι</span> <span class='ocrx_word' id='word_1_107' title='bbox 459 1362 858 1443; x_wconf 81' lang='grc' dir='ltr'>γινωσκομένη,</span> <span class='ocrx_word' id='word_1_108' title='bbox 876 1360 1005 1422; x_wconf 74' lang='grc' dir='ltr'>οὔτε</span> <span class='ocrx_word' id='word_1_109' title='bbox 1027 1361 1101 1422; x_wconf 73' lang='grc' dir='ltr'>τὰ</span> <span class='ocrx_word' id='word_1_110' title='bbox 1124 1361 1267 1438; x_wconf 81' lang='grc' dir='ltr'>πρός</span> <span class='ocrx_word' id='word_1_111' title='bbox 1293 1360 1487 1437; x_wconf 81' lang='grc' dir='ltr'>ἠέλιον</span> <span class='ocrx_word' id='word_1_112' title='bbox 1514 1359 1913 1430; x_wconf 74' lang='grc' dir='ltr'>ἀνατέλλοντα,</span> 
     </span>
     <span class='ocr_line' id='line_1_16' title="bbox 308 1447 1913 1529; baseline -0.001 -21"><span class='ocrx_word' id='word_1_113' title='bbox 308 1448 435 1509; x_wconf 76' lang='grc' dir='ltr'>οὔτε</span> <span class='ocrx_word' id='word_1_114' title='bbox 458 1448 531 1510; x_wconf 83' lang='grc' dir='ltr'>τοὶ</span> <span class='ocrx_word' id='word_1_115' title='bbox 557 1449 696 1528; x_wconf 81' lang='grc' dir='ltr'>πρός</span> <span class='ocrx_word' id='word_1_116' title='bbox 720 1451 908 1529; x_wconf 83' lang='grc' dir='ltr'>βορῆν</span> <span class='ocrx_word' id='word_1_117' title='bbox 934 1453 983 1508; x_wconf 80' lang='grc' dir='ltr'>εἰ</span> <span class='ocrx_word' id='word_1_118' title='bbox 1006 1448 1334 1527; x_wconf 84' lang='grc' dir='ltr'>περίρρυτός</span> <span class='ocrx_word' id='word_1_119' title='bbox 1359 1453 1502 1509; x_wconf 78' lang='grc' dir='ltr'>ἐστι·</span> <span class='ocrx_word' id='word_1_120' title='bbox 1543 1447 1710 1525; x_wconf 76' lang='grc' dir='ltr'>μήκεϊ</span> <span class='ocrx_word' id='word_1_121' title='bbox 1735 1448 1796 1507; x_wconf 79' lang='grc' dir='ltr'>δὲ</span> <span class='ocrx_word' id='word_1_122' title='bbox 1828 1473 1913 1528; x_wconf 88' lang='grc' dir='ltr'>γι-</span> 
     </span>
     <span class='ocr_line' id='line_1_17' title="bbox 306 1535 1914 1616; baseline -0.001 -18"><span class='ocrx_word' id='word_1_123' title='bbox 306 1536 581 1598; x_wconf 84' lang='grc' dir='ltr'>νώσκεται</span> <span class='ocrx_word' id='word_1_124' title='bbox 602 1537 732 1616; x_wconf 84' lang='grc' dir='ltr'>παρ’</span> <span class='ocrx_word' id='word_1_125' title='bbox 750 1536 1073 1615; x_wconf 74' lang='grc' dir='ltr'>ἀμφοτέρας</span> <span class='ocrx_word' id='word_1_126' title='bbox 1091 1536 1446 1614; x_wconf 84' lang='grc' dir='ltr'>παρήκουσα.</span> <span class='ocrx_word' id='word_1_127' title='bbox 1507 1535 1619 1596; x_wconf 78' lang='grc' dir='ltr'>οὐδ’</span> <span class='ocrx_word' id='word_1_128' title='bbox 1646 1537 1754 1614; x_wconf 83' lang='grc' dir='ltr'>ἔχω</span> <span class='ocrx_word' id='word_1_129' title='bbox 1774 1561 1914 1612; x_wconf 85' lang='grc' dir='ltr'>συμ·</span> 
     </span>
     <span class='ocr_line' id='line_1_18' title="bbox 304 1623 1914 1705; baseline -0.001 -20"><span class='ocrx_word' id='word_1_130' title='bbox 304 1627 597 1703; x_wconf 84' lang='grc' dir='ltr'>βαλέσθαι</span> <span class='ocrx_word' id='word_1_131' title='bbox 628 1625 713 1686; x_wconf 84' lang='grc' dir='ltr'>ἐπ’</span> <span class='ocrx_word' id='word_1_132' title='bbox 738 1625 864 1686; x_wconf 82' lang='grc' dir='ltr'>ὅτευ</span> <span class='ocrx_word' id='word_1_133' title='bbox 890 1630 993 1704; x_wconf 84' lang='grc' dir='ltr'>μιῇ</span> <span class='ocrx_word' id='word_1_134' title='bbox 1028 1625 1202 1704; x_wconf 81' lang='grc' dir='ltr'>ἐούσῃ</span> <span class='ocrx_word' id='word_1_135' title='bbox 1225 1629 1303 1705; x_wconf 83' lang='grc' dir='ltr'>γῇ</span> <span class='ocrx_word' id='word_1_136' title='bbox 1332 1623 1614 1702; x_wconf 74' lang='grc' dir='ltr'>οὐνόματα</span> <span class='ocrx_word' id='word_1_137' title='bbox 1635 1623 1914 1700; x_wconf 80' lang='grc' dir='ltr'>τριφάσια</span> 
     </span>
     <span class='ocr_line' id='line_1_19' title="bbox 306 1712 1914 1795; baseline -0.002 -20"><span class='ocrx_word' id='word_1_138' title='bbox 306 1716 489 1777; x_wconf 88' lang='grc' dir='ltr'>κέεται</span> <span class='ocrx_word' id='word_1_139' title='bbox 536 1715 845 1794; x_wconf 79' lang='grc' dir='ltr'>ἐπωνυμίας</span> <span class='ocrx_word' id='word_1_140' title='bbox 891 1715 1091 1793; x_wconf 80' lang='grc' dir='ltr'>ἔχοντα</span> <span class='ocrx_word' id='word_1_141' title='bbox 1130 1717 1419 1795; x_wconf 77' lang='grc' dir='ltr'>γυναικῶν,</span> <span class='ocrx_word' id='word_1_142' title='bbox 1462 1713 1555 1772; x_wconf 85' lang='grc' dir='ltr'>καὶ</span> <span class='ocrx_word' id='word_1_143' title='bbox 1598 1712 1914 1790; x_wconf 72' lang='grc' dir='ltr'>οὐρίσματα</span> 
     </span>
     <span class='ocr_line' id='line_1_20' title="bbox 305 1799 1916 1884; baseline -0.001 -22"><span class='ocrx_word' id='word_1_144' title='bbox 305 1803 447 1883; x_wconf 74' lang='grc' dir='ltr'>αὐτῇ</span> <span class='ocrx_word' id='word_1_145' title='bbox 465 1803 675 1868; x_wconf 81' lang='grc' dir='ltr'>Νεῖλός</span> <span class='ocrx_word' id='word_1_146' title='bbox 692 1830 755 1864; x_wconf 91' lang='grc' dir='ltr'>τε</span> <span class='ocrx_word' id='word_1_147' title='bbox 781 1802 813 1863; x_wconf 79' lang='grc' dir='ltr'>ὅ</span> <span class='ocrx_word' id='word_1_148' title='bbox 840 1802 1146 1884; x_wconf 78' lang='grc' dir='ltr'>Αἰγύπτιος</span> <span class='ocrx_word' id='word_1_149' title='bbox 1163 1800 1414 1878; x_wconf 80' lang='grc' dir='ltr'>ποταμός</span> <span class='ocrx_word' id='word_1_150' title='bbox 1433 1802 1608 1876; x_wconf 89' lang='grc' dir='ltr'>ἐτέθη,</span> <span class='ocrx_word' id='word_1_151' title='bbox 1627 1801 1719 1860; x_wconf 82' lang='grc' dir='ltr'>καὶ</span> <span class='ocrx_word' id='word_1_152' title='bbox 1735 1799 1916 1866; x_wconf 77' lang='grc' dir='ltr'>Φάσις</span> 
     </span>
     <span class='ocr_line' id='line_1_21' title="bbox 305 1887 1995 1972; baseline -0.002 -20"><span class='ocrx_word' id='word_1_153' title='bbox 305 1891 340 1952; x_wconf 78' lang='grc' dir='ltr'><em>ὅ</em></span> <span class='ocrx_word' id='word_1_154' title='bbox 375 1891 624 1971; x_wconf 86' lang='grc' dir='ltr'>Κόλχος·</span> <span class='ocrx_word' id='word_1_155' title='bbox 665 1893 746 1972; x_wconf 83' lang='grc' dir='ltr'>(οἱ</span> <span class='ocrx_word' id='word_1_156' title='bbox 781 1892 842 1951; x_wconf 83' lang='grc' dir='ltr'>δὲ</span> <span class='ocrx_word' id='word_1_157' title='bbox 877 1890 1082 1950; x_wconf 78' lang='grc' dir='ltr'>Τάναϊν</span> <span class='ocrx_word' id='word_1_158' title='bbox 1115 1889 1374 1966; x_wconf 73' lang='grc' dir='ltr'>ποταμόν</span> <span class='ocrx_word' id='word_1_159' title='bbox 1403 1889 1504 1950; x_wconf 83' lang='grc' dir='ltr'>τόν</span> <span class='ocrx_word' id='word_1_160' title='bbox 1530 1887 1793 1964; x_wconf 83' lang='grc' dir='ltr'>Μαιήτην</span> <span class='ocrx_word' id='word_1_161' title='bbox 1820 1889 1912 1948; x_wconf 86' lang='grc' dir='ltr'>καὶ</span> <span class='ocrx_word' id='word_1_162' title='bbox 1991 1895 1995 1899; x_wconf 85' lang='grc'><strong>’</strong></span> 
     </span>
     <span class='ocr_line' id='line_1_22' title="bbox 306 1975 1912 2058; baseline -0.002 -20"><span class='ocrx_word' id='word_1_163' title='bbox 306 1981 613 2056; x_wconf 84' lang='grc' dir='ltr'>Πορθμήῖα</span> <span class='ocrx_word' id='word_1_164' title='bbox 651 1979 723 2040; x_wconf 72' lang='grc' dir='ltr'>τὰ</span> <span class='ocrx_word' id='word_1_165' title='bbox 764 1979 1052 2056; x_wconf 89' lang='grc' dir='ltr'>Κιμμέρια</span> <span class='ocrx_word' id='word_1_166' title='bbox 1084 1977 1366 2058; x_wconf 80' lang='grc' dir='ltr'>λέγουσι·)</span> <span class='ocrx_word' id='word_1_167' title='bbox 1405 1975 1530 2036; x_wconf 73' lang='grc' dir='ltr'>οὐδὲ</span> <span class='ocrx_word' id='word_1_168' title='bbox 1568 1980 1678 2035; x_wconf 82' lang='grc' dir='ltr'>τῶν</span> <span class='ocrx_word' id='word_1_169' title='bbox 1715 1976 1912 2052; x_wconf 84' lang='grc' dir='ltr'>διουρι-</span> 
     </span>
     <span class='ocr_line' id='line_1_23' title="bbox 306 2062 1912 2142; baseline 0.001 -17"><span class='ocrx_word' id='word_1_170' title='bbox 306 2066 525 2127; x_wconf 79' lang='grc' dir='ltr'>σάντων</span> <span class='ocrx_word' id='word_1_171' title='bbox 557 2067 628 2127; x_wconf 80' lang='grc' dir='ltr'>τοῖ</span> <span class='ocrx_word' id='word_1_172' title='bbox 670 2066 951 2142; x_wconf 76' lang='grc' dir='ltr'>οὐνόματα</span> <span class='ocrx_word' id='word_1_173' title='bbox 984 2066 1282 2135; x_wconf 82' lang='grc' dir='ltr'>πυθέσθαι,</span> <span class='ocrx_word' id='word_1_174' title='bbox 1316 2065 1406 2124; x_wconf 79' lang='grc' dir='ltr'>καὶ</span> <span class='ocrx_word' id='word_1_175' title='bbox 1434 2063 1562 2124; x_wconf 86' lang='grc' dir='ltr'>ὅθεν</span> <span class='ocrx_word' id='word_1_176' title='bbox 1593 2065 1780 2123; x_wconf 84' lang='grc' dir='ltr'>ἔθεντο</span> <span class='ocrx_word' id='word_1_177' title='bbox 1809 2062 1912 2127; x_wconf 75' lang='grc' dir='ltr'>τοῖς</span> 
     </span>
     <span class='ocr_line' id='line_1_24' title="bbox 307 2150 1912 2234; baseline -0.001 -22"><span class='ocrx_word' id='word_1_178' title='bbox 307 2155 633 2231; x_wconf 80' lang='grc' dir='ltr'>ἐπωνυμίας·</span> <span class='ocrx_word' id='word_1_179' title='bbox 672 2154 711 2230; x_wconf 79' lang='grc' dir='ltr'><em>ἦ</em></span> <span class='ocrx_word' id='word_1_180' title='bbox 738 2154 807 2230; x_wconf 67' lang='grc' dir='ltr'>δὴ</span> <span class='ocrx_word' id='word_1_181' title='bbox 833 2153 945 2234; x_wconf 73' lang='grc' dir='ltr'>γὰρ</span> <span class='ocrx_word' id='word_1_182' title='bbox 969 2154 1163 2230; x_wconf 76' lang='grc' dir='ltr'>Λιβύη</span> <span class='ocrx_word' id='word_1_183' title='bbox 1189 2156 1293 2230; x_wconf 82' lang='grc' dir='ltr'>μὲν</span> <span class='ocrx_word' id='word_1_184' title='bbox 1320 2154 1410 2212; x_wconf 80' lang='grc' dir='ltr'>ἐπὶ</span> <span class='ocrx_word' id='word_1_185' title='bbox 1442 2150 1661 2228; x_wconf 80' lang='grc' dir='ltr'>Λιβύης</span> <span class='ocrx_word' id='word_1_186' title='bbox 1687 2151 1912 2232; x_wconf 83' lang='grc' dir='ltr'>λέγεται</span> 
     </span>
     <span class='ocr_line' id='line_1_25' title="bbox 304 2238 1909 2322; baseline 0 -20"><span class='ocrx_word' id='word_1_187' title='bbox 304 2241 415 2302; x_wconf 58' lang='lat' dir='ltr'>find</span> <span class='ocrx_word' id='word_1_188' title='bbox 441 2246 552 2302; x_wconf 78' lang='grc' dir='ltr'>τῶν</span> <span class='ocrx_word' id='word_1_189' title='bbox 577 2245 810 2303; x_wconf 77' lang='grc' dir='ltr'>πολλῶν</span> <span class='ocrx_word' id='word_1_190' title='bbox 833 2242 1125 2317; x_wconf 85' lang='grc' dir='ltr'>Ἑλλήνων</span> <span class='ocrx_word' id='word_1_191' title='bbox 1147 2243 1292 2322; x_wconf 81' lang='grc' dir='ltr'>ἔχειν</span> <span class='ocrx_word' id='word_1_192' title='bbox 1315 2242 1384 2301; x_wconf 79' lang='grc' dir='ltr'>τό</span> <span class='ocrx_word' id='word_1_193' title='bbox 1416 2239 1627 2318; x_wconf 81' lang='grc' dir='ltr'>οὕνομα</span> <span class='ocrx_word' id='word_1_194' title='bbox 1649 2238 1909 2321; x_wconf 80' lang='grc' dir='ltr'>γυναικός</span> 
     </span>
     <span class='ocr_line' id='line_1_26' title="bbox 306 2327 1915 2410; baseline -0.001 -22"><span class='ocrx_word' id='word_1_195' title='bbox 306 2329 663 2410; x_wconf 73' lang='grc' dir='ltr'>αὐτόχθονος·</span> <span class='ocrx_word' id='word_1_196' title='bbox 702 2330 741 2406; x_wconf 82' lang='grc' dir='ltr'><em>ἦ</em></span> <span class='ocrx_word' id='word_1_197' title='bbox 768 2330 828 2390; x_wconf 82' lang='grc' dir='ltr'>δὲ</span> <span class='ocrx_word' id='word_1_198' title='bbox 858 2329 1029 2401; x_wconf 88' lang='grc' dir='ltr'>Ἀσίη</span> <span class='ocrx_word' id='word_1_199' title='bbox 1056 2331 1148 2389; x_wconf 84' lang='grc' dir='ltr'>ἐπὶ</span> <span class='ocrx_word' id='word_1_200' title='bbox 1172 2335 1274 2406; x_wconf 75' lang='grc' dir='ltr'>τῆς</span> <span class='ocrx_word' id='word_1_201' title='bbox 1300 2329 1634 2407; x_wconf 86' lang='grc' dir='ltr'>Προμηθέος</span> <span class='ocrx_word' id='word_1_202' title='bbox 1658 2327 1915 2409; x_wconf 81' lang='grc' dir='ltr'>γυναικός</span> 
     </span>
     <span class='ocr_line' id='line_1_27' title="bbox 305 2416 1912 2497; baseline -0.002 -18"><span class='ocrx_word' id='word_1_203' title='bbox 305 2419 411 2494; x_wconf 80' lang='grc' dir='ltr'>τὴν</span> <span class='ocrx_word' id='word_1_204' title='bbox 435 2419 763 2497; x_wconf 88' lang='grc' dir='ltr'>ἐπωνυμίην·</span> <span class='ocrx_word' id='word_1_205' title='bbox 797 2419 889 2477; x_wconf 86' lang='grc' dir='ltr'>καὶ</span> <span class='ocrx_word' id='word_1_206' title='bbox 914 2417 1115 2479; x_wconf 78' lang='grc' dir='ltr'>τούτου</span> <span class='ocrx_word' id='word_1_207' title='bbox 1130 2420 1236 2494; x_wconf 81' lang='grc' dir='ltr'>μὲν</span> <span class='ocrx_word' id='word_1_208' title='bbox 1253 2416 1788 2495; x_wconf 79' lang='grc' dir='ltr'>μεταλαμβάνονται</span> <span class='ocrx_word' id='word_1_209' title='bbox 1810 2420 1912 2476; x_wconf 79' lang='grc' dir='ltr'>τοῦ</span> 
     </span>
     <span class='ocr_line' id='line_1_28' title="bbox 309 2504 1912 2583; baseline 0.002 -18"><span class='ocrx_word' id='word_1_210' title='bbox 309 2507 617 2582; x_wconf 77' lang='grc' dir='ltr'>οὗνόματος</span> <span class='ocrx_word' id='word_1_211' title='bbox 648 2506 842 2576; x_wconf 81' lang='grc' dir='ltr'>Λυδοὶ,</span> <span class='ocrx_word' id='word_1_212' title='bbox 870 2506 1113 2583; x_wconf 77' lang='grc' dir='ltr'>φάμενοι</span> <span class='ocrx_word' id='word_1_213' title='bbox 1147 2506 1240 2564; x_wconf 83' lang='grc' dir='ltr'>ἐπὶ</span> <span class='ocrx_word' id='word_1_214' title='bbox 1274 2505 1494 2576; x_wconf 86' lang='grc' dir='ltr'>Ἀσίεω,</span> <span class='ocrx_word' id='word_1_215' title='bbox 1534 2510 1637 2565; x_wconf 84' lang='grc' dir='ltr'>τοῦ</span> <span class='ocrx_word' id='word_1_216' title='bbox 1678 2504 1912 2575; x_wconf 80' lang='grc' dir='ltr'>Κότυος,</span> 
     </span>
     <span class='ocr_line' id='line_1_29' title="bbox 305 2592 1915 2670; baseline 0.002 -17"><span class='ocrx_word' id='word_1_217' title='bbox 305 2598 408 2655; x_wconf 77' lang='grc' dir='ltr'>τοῦ</span> <span class='ocrx_word' id='word_1_218' title='bbox 445 2593 675 2666; x_wconf 70' lang='grc' dir='ltr'>Μάνεω,</span> <span class='ocrx_word' id='word_1_219' title='bbox 698 2595 1011 2670; x_wconf 84' lang='grc' dir='ltr'>κεκλῆσθαι</span> <span class='ocrx_word' id='word_1_220' title='bbox 1034 2593 1139 2670; x_wconf 83' lang='grc' dir='ltr'>τὴν</span> <span class='ocrx_word' id='word_1_221' title='bbox 1162 2593 1378 2670; x_wconf 86' lang='grc' dir='ltr'>Ἀσίην,</span> <span class='ocrx_word' id='word_1_222' title='bbox 1407 2592 1541 2652; x_wconf 73' lang='grc' dir='ltr'>ἀλλ’</span> <span class='ocrx_word' id='word_1_223' title='bbox 1569 2592 1668 2652; x_wconf 80' lang='grc' dir='ltr'>οὐκ</span> <span class='ocrx_word' id='word_1_224' title='bbox 1689 2593 1788 2652; x_wconf 66' lang='grc' dir='ltr'>»ἐπὶ</span> <span class='ocrx_word' id='word_1_225' title='bbox 1813 2596 1915 2668; x_wconf 80' lang='grc' dir='ltr'>τῆς</span> 
     </span>
     <span class='ocr_line' id='line_1_30' title="bbox 308 2680 1912 2761; baseline -0.002 -17"><span class='ocrx_word' id='word_1_226' title='bbox 308 2684 643 2761; x_wconf 87' lang='grc' dir='ltr'>Προμηθέος</span> <span class='ocrx_word' id='word_1_227' title='bbox 666 2682 883 2759; x_wconf 85' lang='grc' dir='ltr'>Ἀσίης·</span> <span class='ocrx_word' id='word_1_228' title='bbox 927 2681 1022 2743; x_wconf 75' lang='grc' dir='ltr'>ἀπ’</span> <span class='ocrx_word' id='word_1_229' title='bbox 1040 2681 1176 2742; x_wconf 77' lang='grc' dir='ltr'>ὅτευ</span> <span class='ocrx_word' id='word_1_230' title='bbox 1203 2683 1294 2741; x_wconf 85' lang='grc' dir='ltr'>καὶ</span> <span class='ocrx_word' id='word_1_231' title='bbox 1320 2681 1424 2756; x_wconf 83' lang='grc' dir='ltr'>τήν</span> <span class='ocrx_word' id='word_1_232' title='bbox 1451 2686 1509 2741; x_wconf 91' lang='grc' dir='ltr'>ἐν</span> <span class='ocrx_word' id='word_1_233' title='bbox 1536 2680 1774 2758; x_wconf 79' lang='grc' dir='ltr'>Σάρδισι</span> <span class='ocrx_word' id='word_1_234' title='bbox 1808 2687 1912 2756; x_wconf 87' lang='grc' dir='ltr'>φυ-</span> 
     </span>
     <span class='ocr_line' id='line_1_31' title="bbox 306 2768 1914 2847; baseline -0.001 -17"><span class='ocrx_word' id='word_1_235' title='bbox 306 2770 417 2847; x_wconf 80' lang='grc' dir='ltr'>λῆν</span> <span class='ocrx_word' id='word_1_236' title='bbox 459 2771 772 2847; x_wconf 84' lang='grc' dir='ltr'>κεκλῆσθαι</span> <span class='ocrx_word' id='word_1_237' title='bbox 810 2769 1069 2830; x_wconf 82' lang='grc' dir='ltr'>Ἀσιάδα.</span> <span class='ocrx_word' id='word_1_238' title='bbox 1137 2769 1176 2846; x_wconf 77' lang='grc' dir='ltr'><em>ἦ</em></span> <span class='ocrx_word' id='word_1_239' title='bbox 1217 2771 1277 2828; x_wconf 80' lang='grc' dir='ltr'>δὲ</span> <span class='ocrx_word' id='word_1_240' title='bbox 1311 2768 1378 2845; x_wconf 71' lang='grc' dir='ltr'>δή</span> <span class='ocrx_word' id='word_1_241' title='bbox 1417 2768 1658 2846; x_wconf 72' lang='grc' dir='ltr'>Εὐρώπη</span> <span class='ocrx_word' id='word_1_242' title='bbox 1695 2768 1822 2830; x_wconf 77' lang='grc' dir='ltr'>οὔτε</span> <span class='ocrx_word' id='word_1_243' title='bbox 1865 2773 1914 2828; x_wconf 81' lang='grc' dir='ltr'>εἰ</span> 
     </span>
     <span class='ocr_line' id='line_1_32' title="bbox 306 2855 1911 2940; baseline -0.001 -22"><span class='ocrx_word' id='word_1_244' title='bbox 306 2858 633 2937; x_wconf 83' lang='grc' dir='ltr'>περίρρυτός</span> <span class='ocrx_word' id='word_1_245' title='bbox 658 2865 783 2919; x_wconf 86' lang='grc' dir='ltr'>ἐστι</span> <span class='ocrx_word' id='word_1_246' title='bbox 806 2857 1140 2940; x_wconf 83' lang='grc' dir='ltr'>γινώσκεται</span> <span class='ocrx_word' id='word_1_247' title='bbox 1157 2857 1298 2936; x_wconf 82' lang='grc' dir='ltr'>πρός</span> <span class='ocrx_word' id='word_1_248' title='bbox 1325 2855 1579 2934; x_wconf 73' lang='grc' dir='ltr'>οὐδαμῶν</span> <span class='ocrx_word' id='word_1_249' title='bbox 1595 2855 1911 2933; x_wconf 75' lang='grc' dir='ltr'>ἀνθρώπων,</span> 
     </span>
     <span class='ocr_line' id='line_1_33' title="bbox 306 2943 1910 3024; baseline -0.002 -18"><span class='ocrx_word' id='word_1_250' title='bbox 306 2946 433 3008; x_wconf 83' lang='grc' dir='ltr'>οὔτε</span> <span class='ocrx_word' id='word_1_251' title='bbox 468 2946 666 3008; x_wconf 77' lang='grc' dir='ltr'>ὁκόθεν</span> <span class='ocrx_word' id='word_1_252' title='bbox 698 2945 767 3008; x_wconf 75' lang='grc' dir='ltr'>τό</span> <span class='ocrx_word' id='word_1_253' title='bbox 806 2945 1017 3024; x_wconf 82' lang='grc' dir='ltr'>οὕνομα</span> <span class='ocrx_word' id='word_1_254' title='bbox 1042 2947 1237 3022; x_wconf 55' lang='grc' dir='ltr'>’ἔλαβε</span> <span class='ocrx_word' id='word_1_255' title='bbox 1274 2949 1460 3014; x_wconf 77' lang='grc' dir='ltr'>τοῦτο,</span> <span class='ocrx_word' id='word_1_256' title='bbox 1500 2943 1626 3004; x_wconf 80' lang='grc' dir='ltr'>οὔτε</span> <span class='ocrx_word' id='word_1_257' title='bbox 1657 2943 1816 3007; x_wconf 88' lang='grc' dir='ltr'>ὅστις</span> <span class='ocrx_word' id='word_1_258' title='bbox 1856 2944 1910 3003; x_wconf 81' lang='grc' dir='ltr'>οἶ</span> 
     </span>
     <span class='ocr_line' id='line_1_34' title="bbox 305 3029 1912 3140; baseline -0.004 -44"><span class='ocrx_word' id='word_1_259' title='bbox 305 3032 379 3111; x_wconf 84' lang='grc' dir='ltr'>ἦν</span> <span class='ocrx_word' id='word_1_260' title='bbox 402 3035 436 3095; x_wconf 80' lang='grc' dir='ltr'><em>ὅ</em></span> <span class='ocrx_word' id='word_1_261' title='bbox 466 3036 693 3112; x_wconf 86' lang='grc' dir='ltr'>θέμενος</span> <span class='ocrx_word' id='word_1_262' title='bbox 720 3034 997 3111; x_wconf 85' lang='grc' dir='ltr'>φαίνεται·</span> <span class='ocrx_word' id='word_1_263' title='bbox 1039 3039 1111 3093; x_wconf 83' lang='grc' dir='ltr'>εἰ</span> <span class='ocrx_word' id='word_1_264' title='bbox 1121 3033 1203 3110; x_wconf 79' lang='grc' dir='ltr'>μὴ</span> <span class='ocrx_word' id='word_1_265' title='bbox 1235 3032 1350 3093; x_wconf 81' lang='grc' dir='ltr'>α’πὸ</span> <span class='ocrx_word' id='word_1_266' title='bbox 1375 3036 1478 3108; x_wconf 73' lang='grc' dir='ltr'>τῆς</span> <span class='ocrx_word' id='word_1_267' title='bbox 1498 3032 1702 3108; x_wconf 77' lang='grc' dir='ltr'>Τυρίης</span> <span class='ocrx_word' id='word_1_268' title='bbox 1729 3029 1912 3140; x_wconf 82' lang='grc' dir='ltr'>φήσο-</span> 
     </span>
     <span class='ocr_line' id='line_1_35' title="bbox 304 3118 1912 3202; baseline -0.004 -18"><span class='ocrx_word' id='word_1_269' title='bbox 304 3149 411 3199; x_wconf 86' lang='grc' dir='ltr'>μεν</span> <span class='ocrx_word' id='word_1_270' title='bbox 434 3123 705 3202; x_wconf 68' lang='grc' dir='ltr'>Εὐρώπης</span> <span class='ocrx_word' id='word_1_271' title='bbox 729 3125 937 3200; x_wconf 82' lang='grc' dir='ltr'>λαβεῖν</span> <span class='ocrx_word' id='word_1_272' title='bbox 959 3122 1026 3183; x_wconf 82' lang='grc' dir='ltr'><strong><em>τό</em></strong></span> <span class='ocrx_word' id='word_1_273' title='bbox 1054 3120 1264 3199; x_wconf 83' lang='grc' dir='ltr'>οὕνομα</span> <span class='ocrx_word' id='word_1_274' title='bbox 1287 3120 1392 3196; x_wconf 69' lang='grc' dir='ltr'>τὴν</span> <span class='ocrx_word' id='word_1_275' title='bbox 1417 3119 1619 3198; x_wconf 87' lang='grc' dir='ltr'>χώρην,</span> <span class='ocrx_word' id='word_1_276' title='bbox 1641 3118 1912 3195; x_wconf 85' lang='grc' dir='ltr'>πρότερον</span> 
     </span>
     <span class='ocr_line' id='line_1_36' title="bbox 307 3205 1912 3292; baseline -0.004 -22"><span class='ocrx_word' id='word_1_277' title='bbox 307 3211 443 3270; x_wconf 70' lang='grc' dir='ltr'>δε’</span> <span class='ocrx_word' id='word_1_278' title='bbox 406 3237 477 3289; x_wconf 89' lang='grc' dir='ltr'>ην</span> <span class='ocrx_word' id='word_1_279' title='bbox 510 3239 621 3292; x_wconf 87' lang='grc' dir='ltr'>αρα</span> <span class='ocrx_word' id='word_1_280' title='bbox 651 3212 949 3289; x_wconf 74' lang='grc' dir='ltr'>ἀνώνυμος,</span> <span class='ocrx_word' id='word_1_281' title='bbox 972 3237 1168 3288; x_wconf 88' lang='grc' dir='ltr'>ωσπερ</span> <span class='ocrx_word' id='word_1_282' title='bbox 1194 3237 1254 3268; x_wconf 87' lang='grc' dir='ltr'>αι</span> <span class='ocrx_word' id='word_1_283' title='bbox 1281 3211 1478 3285; x_wconf 82' lang='grc' dir='ltr'>ἕτεραι·</span> <span class='ocrx_word' id='word_1_284' title='bbox 1519 3205 1650 3266; x_wconf 86' lang='grc' dir='ltr'>αλλ’</span> <span class='ocrx_word' id='word_1_285' title='bbox 1679 3205 1818 3281; x_wconf 81' lang='grc' dir='ltr'>αὕτη</span> <span class='ocrx_word' id='word_1_286' title='bbox 1845 3230 1912 3287; x_wconf 80' lang='grc' dir='ltr'>γε</span> 
     </span>
    </p>
   </div>
   <div class='ocr_carea' id='block_1_2' title="bbox 308 3294 1910 3430">
    <p class='ocr_par' dir='ltr' id='par_1_2' title="bbox 308 3294 1910 3430">
     <span class='ocr_line' id='line_1_37' title="bbox 308 3294 1910 3380; baseline -0.004 -20"><span class='ocrx_word' id='word_1_287' title='bbox 308 3304 370 3361; x_wconf 83' lang='grc' dir='ltr'>ἐκ</span> <span class='ocrx_word' id='word_1_288' title='bbox 404 3306 506 3378; x_wconf 80' lang='grc' dir='ltr'>τῆς</span> <span class='ocrx_word' id='word_1_289' title='bbox 534 3301 735 3380; x_wconf 80' lang='grc' dir='ltr'>Ἀσίης</span> <span class='ocrx_word' id='word_1_290' title='bbox 757 3327 820 3363; x_wconf 88' lang='grc' dir='ltr'>τε</span> <span class='ocrx_word' id='word_1_291' title='bbox 848 3300 1107 3378; x_wconf 84' lang='grc' dir='ltr'>φαίνεται</span> <span class='ocrx_word' id='word_1_292' title='bbox 1134 3301 1324 3366; x_wconf 84' lang='grc' dir='ltr'>ἐοῦσα,</span> <span class='ocrx_word' id='word_1_293' title='bbox 1353 3296 1446 3355; x_wconf 88' lang='grc' dir='ltr'>καὶ</span> <span class='ocrx_word' id='word_1_294' title='bbox 1474 3294 1574 3354; x_wconf 78' lang='grc' dir='ltr'>οὐκ</span> <span class='ocrx_word' id='word_1_295' title='bbox 1602 3294 1910 3372; x_wconf 87' lang='grc' dir='ltr'>απικομένη</span> 
     </span>
     <span class='ocr_line' id='line_1_38' title="bbox 452 3385 513 3430; baseline -0.016 0"><span class='ocrx_word' id='word_1_296' title='bbox 452 3385 513 3430; x_wconf 80' lang='lat'>24</span> 
     </span>
    </p>
   </div>
  </div>
 </body>
</html>
