2267 3517
316 130 381 177 88
929 128 1296 177 ἭΡοΔοΤοτ
1840 127 1911 194 [1.

311 205 665 283 ἀναισιμώθη
711 207 804 266 καὶ
842 207 909 267 τό
949 211 1136 286 τεῖχος
1174 206 1362 269 ὅντινα
1380 282 1384 286 ἓ
1402 205 1613 285 τρόπον
1653 208 1917 288 ἔργαστο.

312 293 653 372 ὀρύσσοντες
681 292 798 370 ἅμα
827 293 931 370 τὴν
955 294 1177 372 τάφρον
1204 296 1528 355 ἐπλίνθευον
1551 294 1656 370 τήν
1679 300 1790 374 γῆν
1811 295 1919 371 τὴν

312 387 374 442 ἐκ
397 386 499 441 τοῦ
524 381 839 463 ὀρύγματος
872 384 1266 460 ἐκφερομένην,
1302 381 1634 447 ἑλκύσαντες
1665 383 1726 441 δὲ
1755 385 1914 444 πλίν-

314 470 445 532 θους
487 470 675 532 ἱκανοῖς
716 469 984 547 ὤπτησαν
1023 469 1194 533 αύτοῖς
1231 476 1289 530 ἔν
1325 471 1629 546 καμίνοισι·
1668 471 1813 547 μετὰ
1839 472 1914 543 δὲ,

310 558 548 636 τέλματι
588 557 894 637 χρεώμενοι
932 557 1216 637 ἀσφάλτῳ
1263 559 1458 635 θερμῇ,
1503 557 1595 617 καὶ
1635 558 1726 618 διὰ
1763 559 1916 637 τριή-

312 672 481 706 κοντα
514 646 698 723 δόμων
732 645 971 707 πλίνθου
1006 647 1250 724 ταρσοῦς
1286 645 1552 723 καλάμων
1585 646 1913 724 διαστοιβά-

311 736 509 806 ζοντες,
552 734 770 812 ἔδειμαν
810 738 1005 813 πρῶτα
1044 737 1150 812 μὲν
1189 739 1288 811 τῆς
1325 733 1548 811 τάφρου
1589 734 1662 794 τοὶ
1698 736 1912 813 χείλεα,

310 822 539 901 δεύτερα
574 823 635 882 δὲ
668 822 804 883 αύτό
841 822 907 883 τὸ
934 826 1121 902 τεῖχος
1145 822 1244 884 τᾶν
1269 822 1438 883 αὖτόν
1460 822 1690 900 τρόπον·
1731 822 1914 883 ἐπάνω

311 910 371 969 δὲ
394 915 496 970 τοῦ
519 912 731 989 τείχεος
755 910 909 986 παρὰ
933 910 1005 971 τὰ
1030 912 1262 989 ἔσχατα,
1284 909 1560 986 οἰκήματα
1583 910 1914 987 μουνόκωλα

310 998 529 1074 ἔδειμαν
572 1000 925 1077 τετραμμένα
966 1004 1023 1061 ἐς
1067 998 1318 1075 ἄλληλα·
1365 998 1432 1058 τό
1472 999 1652 1076 μέσον
1698 998 1757 1058 δὲ
1801 1005 1914 1060 τῶν

310 1085 620 1163 οἰκημάτων
656 1089 849 1147 ἔλιπον
887 1087 1174 1167 τεθρίππῳ
1207 1085 1555 1165 περιέλασιν.
1600 1158 1615 1171 .
1635 1086 1812 1147 πύλαι
1852 1088 1912 1147 δὲ

308 1178 572 1235 ἐνεστᾶσι
610 1176 773 1252 πέριξ
807 1180 909 1235 τοῦ
943 1175 1157 1253 τείχεος
1189 1173 1398 1246 ἑκατόν,
1433 1174 1674 1253 χάλκεαι
1707 1180 1909 1246 πᾶσαι,

227 1272 231 1277 ’
309 1263 402 1321 καὶ
454 1265 705 1339 σταθμοί
750 1289 813 1323 τε
860 1265 953 1322 καὶ
997 1262 1282 1341 υπέρθυρα
1336 1262 1613 1325 ὦσαύτως.
1683 1265 1805 1325 ἔστι
1851 1264 1911 1323 δὲ

309 1342 463 1425 αλλη
503 1351 669 1413 πόλις
708 1350 1004 1429 ἀπέχουσα
1036 1349 1181 1410 ὀκτω
1209 1350 1458 1428 ἡμερέων
1488 1350 1688 1411 03611’
1651 1352 1763 1411 απὸ
1797 1358 1910 1411 Βα-

306 1438 583 1513 βυλῶνος·
626 1436 714 1501 Ις
754 1463 965 1515 ουνομα
1007 1436 1167 1515 αυτῇ·
1211 1439 1341 1499 ἔνθα
1383 1438 1508 1498 ε’στὶ
1552 1439 1805 1525 ποταμός
1844 1467 1910 1501 ου

305 1525 502 1605 μέγας·
540 1524 627 1587 Ις
661 1526 755 1585 καὶ
782 1529 860 1585 τῶ
891 1530 1123 1604 ποταμῷ
1158 1524 1226 1587 τὸ
1258 1524 1486 1602 οὔνομα·
1530 1512 1814 1603 ἐσβάλλει
1850 1529 1910 1588 δὲ

308 1638 470 1675 ουτος
503 1618 559 1675 ἐς
592 1612 690 1673 τόν
716 1612 1041 1691 Εὐφρήτην
1054 1612 1313 1691 ποταμὸν
1343 1613 1410 1673 ¹r6
1435 1613 1680 1691 ῥέεθρον.
1749 1614 1910 1681 οὗτος

310 1699 386 1761 ὧν
412 1728 442 1760 ο
468 1699 553 1765 Ις
578 1700 829 1778 ποταμός
854 1700 971 1779 ἅμα
996 1705 1073 1781 τῷ
1102 1700 1261 1761 ὕδατι
1289 1700 1577 1779 θρόμβους
1603 1700 1909 1779 οἷσφάλτου

309 1786 560 1848 ἀναδιδοῖ
582 1787 852 1853 πολλούς·
895 1790 1047 1850 ἔνθεν
1074 1788 1110 1865 ἦ
1139 1788 1438 1865 ἄσφαλτος
1465 1794 1519 1851 ἐς
1541 1788 1609 1848 τό
1636 1795 1694 1849 ἐν
1720 1794 1909 1867 Βαβυ-

214 1878 328 1936 180
346 1880 485 1938 λῶνι
522 1882 707 1956 τεῖχος
748 1877 1041 1954 ἐκομίσθη.
1108 1878 1434 1955 Τετείχιστο
1464 1877 1568 1953 μέν
1599 1903 1696 1938 νυν
1725 1878 1762 1955 ἦ
1797 1886 1906 1939 Βα-

302 1965 501 2041 βυλών
548 1965 736 2046 τρόπῳ
786 1966 997 2044 τοιῷδε.
1096 1964 1218 2025 ἔστι
1269 1965 1329 2023 δὲ
1380 1964 1478 2025 δύο
1530 1964 1760 2041 φάρσεα
1806 1971 1909 2043 τῆς

304 2054 522 2118 πόλιος·
578 2055 644 2116 τό
684 2054 795 2138 γὰρ
838 2055 1020 2132 μέσον
1066 2052 1236 2129 αὐτῆς
1276 2053 1528 2129 ποταμός
1567 2053 1786 2134 διέργει,
1830 2060 1909 2135 τῷ

306 2141 517 2221 οὔνομά
557 2148 680 2204 ε’στι
717 2142 1041 2220 Εὐφρήτης.
1088 2142 1237 2219 -ῥέει
1277 2141 1337 2200 δὲ
1377 2141 1440 2210 ἐξ
1473 2140 1775 2219 Ἀρμενίων
1807 2142 1910 2204 ε’ὢν

304 2233 481 2312 μέγας
524 2232 615 2291 καὶ
656 2231 840 2308 βαθυς
880 2230 972 2290 καὶ
1011 2230 1202 2309 ταχύς·
1247 2229 1378 2299 ἐξίει
1417 2230 1477 2289 δὲ
1517 2228 1676 2293 οὗτος
1715 2235 1771 2293 ἐς
1803 2231 1909 2306 τήν

303 2317 581 2395 Ἐρυθρην
608 2316 1069 2377 θάλασσαν.τὸ
1096 2316 1171 2377 ὧν
1199 2316 1266 2392 δη
1292 2320 1476 2395 τεῖχος
1502 2316 1756 2395 ἑκάτερον
1779 2320 1910 2385 τούς
1937 2374 1953 2386 ,

305 2403 557 2483 αγκῶνας
582 2410 636 2467 ἐς
660 2404 758 2465 τόν
782 2404 1038 2480 ποταμὸν
1066 2404 1358 2489 ἐλήλαται·
1397 2405 1462 2465 τό
1489 2404 1608 2464 δὲ’
1573 2404 1684 2467 από
1707 2405 1908 2467 τούτου

305 2489 389 2572 [αἱ
416 2491 745 2573 ἐπικαμπαι]
789 2516 943 2569 παρα
980 2494 1178 2571 χεῖλος
1218 2491 1472 2567 ἑκάτερον
1508 2497 1610 2552 τοῦ
1648 2500 1908 2572 ποταμοῦ

307 2579 545 2655 αἱμασιὴ
586 2580 833 2639 πλίνθων
871 2579 1084 2641 ὀπτέων
1128 2577 1466 2657 παρατείνει.
1546 2579 1614 2639 τὰ
1656 2581 1717 2640 δὲ
1760 2582 1908 2643 ἄστυ

306 2666 461 2737 aiv-6,
490 2668 581 2726 ε’ὁν
612 2671 826 2744 πλῆρες
852 2661 1062 2727 οἰκιέων
1085 2665 1412 2743 τριωρόφων
1435 2692 1499 2727 τε
1525 2667 1617 2726 καὶ
1641 2672 1908 2747 τετρωρό-

310 2761 448 2830 φων,
492 2756 897 2833 κατατέτμηται
934 2754 1034 2818 τσῖς
1072 2754 1234 2817 ὁδούς
1267 2754 1450 2825 ἰθείας,
1488 2754 1588 2819 τάς
1624 2782 1687 2815 τε
1721 2756 1910 2822 ἄλλας

307 2843 399 2900 καὶ
435 2842 536 2905 τοῖς
576 2843 902 2920 ἐπικαρσίας
939 2842 1039 2906 τὰς
1080 2844 1171 2903 ἐπὶ
1208 2841 1310 2903 τόν
1351 2843 1605 2921 ποταμὸν
1645 2844 1906 2923 ἐχούσας.

310 2928 450 2988 κατοὶ
491 2930 631 3005 ὃή’
592 2956 665 2990 ων
706 2930 946 3006 ἑκάστην
986 2929 1115 2989 ὁδόν
1157 2936 1215 2989 ἐν
1253 2932 1326 3007 τῇ
1367 2932 1606 3010 αἱμασιῇ
1643 2935 1717 3010 τῇ
1752 2933 1908 3010 παρὰ

276 3016 405 3077 ·τὸν
447 3016 700 3093 ποταμὸν
738 3018 966 3080 πυλίδες
1006 3022 1241 3093 ε’πῆσαν,
1285 3043 1419 3077 οσαι
1459 3043 1564 3094 περ
1599 3022 1658 3078 αἱ
1700 3023 1908 3096 λαυραι

306 3110 580 3165 τοσαῦται
618 3104 873 3183 οἷριθμόν·
916 3105 1066 3180 ἦσαν
1099 3106 1160 3164 δὲ
1193 3106 1284 3164 καὶ
1321 3130 1485 3165 αυται
1513 3104 1768 3185 χάλκεαι,
1807 3109 1907 3183 φέ-

214 3194 324 3252 181
344 3219 547 3269 ρουσαι
572 3193 663 3252 καὶ
690 3192 853 3253 αὐταὶ
878 3197 933 3257 ἐς
958 3192 1126 3253 αὐτόν
1150 3192 1248 3253 τὸν
1268 3192 1542 3269 ποταμόν.
1600 3196 1780 3253 Τοῦτο
1803 3195 1910 3269 μὲν

307 3280 375 3355 δὴ
415 3280 481 3341 τὰ
518 3284 705 3360 τεῖχος
744 3279 931 3358 θώρηξ
970 3281 1115 3341 ἐστί·
1159 3281 1362 3358 ἕτερον·
1383 3280 1446 3339 δὲ
1485 3280 1694 3339 ἔσωθεν
1721 3284 1910 3359 τεῖχος
