2267 3517
277 76 375 126 200
884 72 1248 122 ‘HPOAomow
1741 71 1870 138 [ΠΙ.

279 155 482 215 ἑωυτοῦ
528 149 804 210 δεσπότεα
847 149 968 226 μετ’
1014 153 1330 233 Αἰγυπτίων
1374 151 1693 215 ἐπαναστὰς
1742 151 1873 228 ε’φό-

277 237 492 302 νευσε.”
557 240 724 296 τοῦτο
759 236 830 312 δή
856 235 924 296 τὸ
955 238 1084 300 ἔπος
1117 239 1211 297 καὶ
1244 238 1383 316 αὕτη
1408 239 1446 315 ἦ
1480 239 1628 314 αἰτίη
1655 244 1874 320 ἐγγενο-

277 328 418 404 μένη
449 322 627 405 ἤγαγε
663 323 989 400 Καμβύσεα
1022 324 1121 384 τὸν
1162 325 1370 402 Κύρου,
1401 325 1661 406 μεγάλως
1697 327 1875 404 θυμω-

280 415 460 482 θέντα,
489 411 573 471 ἐπ’
589 413 892 491 Αἴγυπτον.
953 411 1093 472 οὕτω
1117 413 1222 488 μέν
1247 439 1343 472 νυν
1367 415 1604 495 λέγουσι
1630 414 1874 492 Πέρσαι.

212 503 252 562 2
277 499 574 582 Αἰγύπτιοι
599 497 659 556 δὲ
689 502 1022 574 οἰκηῖεῦνται
1049 499 1391 577 Καμβύσεα,
1420 500 1669 578 φάμενοί
1685 527 1784 578 μιν
1813 507 1875 561 ἐκ

277 587 484 664 ταύτης
523 586 591 662 δή
631 589 732 662 τῆς
764 584 1006 663 Ἀπρίεω
1050 587 1348 699 Ovyavpoeu
1358 588 1641 668 γενεσθαι·
1685 591 1877 665 Κῦρον

276 675 389 760 γὰρ
437 674 575 735 εἶναι
618 673 720 734 τόν
770 675 1071 752 πέμψαντα
1122 700 1277 752 παρα
1322 674 1576 752 Ἀμασιν
1629 677 1722 735 ε’πὶ
1772 702 1878 752 την

280 764 574 846 θυγατέρα,
610 759 742 820 ἀλλ’
775 761 840 821 ού
877 762 1223 839 Καμβύσεα.
1291 765 1552 844 λέγοντες
1586 763 1647 822 δὲ
1679 768 1874 834 ταῦτα,

279 850 378 913 ούκ
407 850 584 928 ὀρθῶς
615 848 1006 931 λέγουσι.ού
1030 850 1146 926 μὴν
1173 849 1299 910 οὐδὲ
1326 851 1535 926 λέληθε
1561 849 1775 920 αὐτους,
1804 851 1877 931 (εἰ

278 937 391 1022 γάρ
434 963 578 1001 τινες
631 937 724 996 καὶ
769 936 956 1008 ἄλλοι,
996 937 1068 998 τὰ
1113 939 1384 1014 Περσέων
1434 937 1645 1015 νόμιμα
1698 938 1877 1016 ὀρθῶς

280 1026 605 1088 ἐπιστέαται
639 1025 732 1086 καὶ
762 1023 1100 1105 Αἰγύπτιοι,)
1126 1025 1214 1086 ὅτι
1247 1029 1441 1104 πρῶτα
1470 1027 1575 1102 μὲν
1608 1025 1776 1087 νόθον
1810 1025 1878 1086 οὔ

281 1121 394 1191 σφι
445 1113 616 1191 νόμος
670 1113 795 1173 ἐστὶ
843 1114 1216 1188 βασιλειῗσαι,
1268 1113 1505 1194 γνησίου
1554 1113 1875 1190 παρεόντος·

283 1228 436 1266 αυτ-ις
461 1199 592 1272 δὲ,
559 1227 646 1262 οτι
671 1199 1086 1276 Κασσανδάνης
1108 1204 1212 1277 τῆς
1230 1200 1577 1279 Φαρνάσπεω
1603 1201 1879 1283 θυγατρὸς

283 1289 355 1366 ἦν
390 1293 524 1352 παῖς
563 1286 904 1365 Καμβύσης,
941 1287 1140 1364 ἄνδρὸς
1172 1287 1584 1367 Ἀχαιμενίδεω,
1616 1287 1750 1347 ἀλλ’
1776 1288 1877 1348 οὐκ

281 1383 344 1437 ἐκ
377 1381 480 1452 τῆς
511 1376 837 1457 Αἰγυπτίης·
906 1374 1061 1435 ἀλλὰ
1095 1376 1519 1454 παρατρέπουσι
1551 1375 1652 1436 τόν
1682 1373 1876 1458 λόγον,

279 1463 753 1542 προσποιεύμενοι
775 1466 847 1541 τῇ
872 1461 1064 1539 Κύρου
1089 1465 1235 1542 οἰκίῃ
1255 1465 1549 1544 συγγενέες
1574 1464 1731 1523 εἶναι.
1784 1464 1877 1524 καὶ

213 1555 252 1613 3
277 1554 456 1612 ταῦτα
489 1552 594 1626 μὲν
629 1546 733 1608 ὧδε
775 1551 908 1628 ἔχει.
974 1549 1217 1631 Λέγεται
1256 1550 1316 1610 δὲ
1356 1551 1449 1610 καὶ
1484 1551 1577 1611 ὅδε
1612 1550 1645 1612 ὁ
1685 1550 1875 1632 λόγος,

283 1638 412 1710 ἐμοὶ
449 1639 554 1714 μὲν
597 1635 662 1695 ού
702 1635 953 1700 πιθανός·
1009 1636 1082 1700 ὥς
1119 1641 1231 1698 τῶν
1273 1639 1567 1716 Περσίδων
1605 1643 1878 1719 γυναικῶν

286 1723 604 1788 ἐσελθοῦσά
627 1748 712 1787 τις
736 1723 889 1801 παρὰ
911 1722 1013 1789 τὰς
1040 1723 1231 1802 Κύρου
1253 1728 1533 1807 γυναῖκας,
1561 1725 1633 1790 ὥς
1665 1726 1775 1786 εἶδε
1803 1730 1877 1805 τῇ

282 1810 670 1890 Κασσανδάνῃ
693 1815 1057 1894 παρεστεῶτα
1081 1813 1249 1873 τέκνα
1275 1811 1481 1873 εὐειδέα
1504 1839 1567 1874 τε
1594 1815 1686 1873 καὶ
1708 1814 1875 1895 μεγά-

281 1906 388 1972 λα,
417 1903 616 1980 πολλῷ
655 1903 860 1979 ε’χρᾶτο
899 1903 977 1980 τῷ
1016 1901 1218 1980 ἐπαίνῳ
1256 1899 1788 1979 ύπερθώυμάζουσα·
1837 1901 1877 1978 ἦ

284 1991 346 2052 δὲ
379 1988 782 2066 Κασσανδάνη,
811 1992 986 2049 ἐοῦσα
1018 1992 1120 2049 τοῦ
1155 1988 1349 2068 Κύρου
1380 1988 1537 2071 γυνὴ,
1572 1989 1692 2048 εἶπε
1725 1989 1876 2049 τάδε·

282 2090 320 2116 “
333 2079 558 2141 τοιῶνδε
591 2078 782 2156 μέντοι
818 2079 916 2153 ἐμὲ
949 2077 1161 2138 παίδων
1195 2077 1412 2155 μητέρα
1448 2081 1655 2138 εὀΰσαν
1690 2081 1878 2153 Κῦρος

282 2173 340 2228 ἒν
379 2166 571 2245 ἀτιμίῃ
613 2166 743 2243 ἔχει·
788 2164 892 2241 τήν
931 2164 978 2223 δ’
1018 2163 1113 2224 ἀπ’
1154 2165 1441 2248 Αἰγύπτου
1484 2165 1779 2241 ἐπίκτητον
1818 2169 1879 2226 ἐν

278 2281 415 2333 τιμῃ
387 2250 700 2315 τίθεται.”
763 2277 868 2327 την
892 2253 998 2328 μὲν
1021 2252 1341 2331 α’χθομένην
1364 2255 1436 2331 τῇ
1463 2251 1669 2328 Νιτήτι
1702 2255 1875 2313 εἰπεῖν

281 2346 476 2403 ταῦτα·
528 2365 639 2400 των
678 2339 741 2398 δε
785 2341 840 2398 οἱ
883 2339 1095 2399 παίδων
1132 2339 1233 2400 τόν
1277 2339 1667 2417 πρεσβύτερον
1706 2344 1880 2401 εἰπεῖν

283 2426 628 2506 Καμβύσεα·
671 2436 708 2498 ‘.‘
723 2425 920 2507 τοιγάρ
943 2437 1050 2496 τοι,
1080 2425 1123 2484 ὦ
1154 2430 1351 2504 μῆτερ,
1381 2426 1551 2486 ε’πεοῖν
1581 2427 1689 2509 ε’γῶ
1714 2429 1877 2508 γένω-

282 2542 386 2595 μαι
416 2515 574 2592 αἶνήρ,
602 2511 888 2595 Αἰγύπτου
921 2512 994 2573 τοὶ
1026 2516 1131 2590 μὲν
1166 2512 1278 2574 ἅνω
1316 2513 1463 2575 κάτω
1499 2515 1675 2592 θήσω,
1708 2515 1783 2575 τὰ
1818 2515 1880 2574 δὲ

283 2604 430 2666 κάτω
468 2601 630 2663 ἅνω.”
691 2605 868 2662 ταῦτα
909 2604 1080 2661 εἰπεῖν
1118 2599 1289 2662 αύτόν
1328 2603 1453 2663 ἔτεα
1497 2602 1569 2666 (ὃς
1608 2603 1741 2662 δέκα
1778 2628 1879 2662 κου

281 2691 570 2774 γεγονότα,
593 2690 686 2750 καὶ
709 2687 810 2753 τοὶς
832 2692 1096 2771 γυναῖκας
1121 2693 1181 2750 ἔν
1206 2688 1454 2767 θωύματι
1473 2691 1754 2772 γενέσθαι·
1780 2689 1881 2750 τὸν

284 2781 345 2842 δὲ
384 2775 903 2857 διαμνημονεύοντα,
935 2775 1077 2838 οὕτω
1113 2777 1201 2854 δὴ,
1241 2778 1366 2838 ἐπεί
1399 2804 1462 2839 τε
1497 2777 1752 2856 ἀνδρώθη
1788 2777 1881 2837 καὶ

281 2869 418 2949 ἔσχε
453 2867 558 2945 τήν
595 2866 927 2945 βασιληίην,
953 2864 1308 2942 ποιήσασθαι
1341 2865 1446 2942 τήν
1483 2864 1567 2926 ἐπ’
1595 2866 1881 2946 Αἴγυπτον

283 2956 609 3034 στρατηίην.

215 3047 254 3106 4
363 3042 653 3122 Συνήνεικε
680 3042 740 3102 δὲ
759 3043 852 3102 καὶ
871 3041 1020 3102 ἄλλο
1043 3068 1100 3103 τι
1124 3042 1338 3104 τοιόνδε
1362 3045 1600 3124 πρῆγμα
1617 3041 1883 3122 γενέσθαι

283 3137 340 3195 ἐς
361 3133 466 3209 τήν
486 3130 914 3210 ἐπιστράτευσιν
936 3129 1159 3207 ταύτην.
1222 3129 1293 3207 ἦν
1310 3133 1422 3192 τῶν
1447 3127 1747 3204 ἐπικούρων
1770 3131 1883 3189 τῶν

279 3217 556 3295 Ἀμάσιος
581 3219 722 3297 ἀνὴρ
746 3219 1036 3301 γένοςμέν
1058 3216 1558 3297 Ἀλικαρνησσεῦς,
1584 3214 1797 3292 οὔνομα
1821 3213 1887 3273 δέ
