2267 3517
328 134 425 185 τωο
656 166 669 174 .
952 129 1324 180 mmmmm·
1811 133 1934 200 [IV.

328 213 421 272 καὶ
476 211 883 289 καταταμόντες
930 210 1005 271 τὰ
1050 210 1202 288 κρέα,
1243 204 1664 288 κατατάμνουσι
1703 209 1798 269 καὶ
1834 211 1938 274 τόν

326 304 427 361 τοῦ
494 299 789 376 δεκομένου
854 299 1131 360 τεθνεῶτα
1187 298 1377 380 γονέα·
1459 297 1826 375 ἀναμίξαντες
1877 299 1939 360 δὲ

329 387 512 447 πάντα
544 387 617 447 vd
648 389 802 464 κρέα,
830 387 993 448 δαῖτα
1022 387 1404 463 προτιθέαται·
1443 385 1549 462 τὴν
1585 386 1648 445 δὲ
1679 387 1938 464 κεφαλὴν

330 475 503 535 αὐτοῦ
544 473 899 552 ψιλώσαντες
934 475 1028 533 καὶ
1064 474 1484 552 ἐκκαθήραντες,
1513 479 1940 555 καταχρυσοῦσι

332 563 427 624 καὶ
458 564 648 623 ἔπειτα
686 562 785 623 ἅτε
820 561 1108 644 ἀγάλματι
1143 556 1660 642 χρέωνται,’θυσίας
1684 563 1938 644 μεγάλας

334 651 588 715 ε’πετέους
629 651 1022 715 ἐπιτελέοντες·
1061 655 1195 713 παῖς
1229 651 1291 710 δὲ
1320 650 1494 727 πατρὶ
1531 654 1702 711 τοῦτο
1739 651 1936 722 ποιέει,

333 739 577 816 κατάπερ
619 741 674 798 οἱ
702 738 983 815 Ἕλληνες
1018 738 1093 799 τὀὶ
1130 739 1378 821 γενέσια·
1419 737 1612 802 ἄλλως
1649 738 1712 797 δὲ
1735 738 1939 799 δίκαιοι

332 827 428 886 καὶ
466 824 622 886 οὗτοι
660 826 923 907 λέγονται
964 825 1122 887 εἶναι·
1179 826 1498 903 ἴσοκρατέες
1536 825 1598 885 δὲ
1637 825 1839 902 ὁμοίως
1875 831 1938 888 αἱ

330 917 586 994 γυναῖκες
636 917 793 974 τοῖσι
842 912 1101 992 ἀνδράσι.
1137 926 1143 931 ”
1180 912 1550 995 γινώσκονται
1588 915 1694 990 μὲν
1731 913 1802 990 δή
1843 914 1936 974 καὶ

332 998 506 1062 οὗτοι.

235 1089 273 1149 2
280 1086 314 1150 7
374 1112 387 1122 ·
413 1089 492 1150 '1¹13
524 1089 585 1150 δὲ
614 1088 727 1150 ἀπό
762 1089 972 1152 τούτων
995 1089 1063 1150 τό
1101 1088 1427 1168 κατύπερθε,
1449 1087 1788 1163 ’Ἰσσηδόνες
1823 1091 1938 1151 εἶσὶ

333 1179 388 1238 οἱ
438 1179 697 1259 λέγοντες
746 1177 877 1242 τούς
936 1177 1413 1256 μουνοφθάλμους
1469 1175 1793 1254 ἀνθρώπους
1844 1179 1938 1239 καὶ

330 1265 461 1330 τούς
501 1266 946 1346 χρυσοφύλακας
981 1264 1210 1343 Γρύπας
1245 1265 1403 1326 εἶναι·
1443 1265 1599 1343 παρὰ
1635 1265 1695 1324 δὲ
1728 1265 1940 1327 τούτων

311 1351 548 1417 ’Σκύθαι
585 1352 1015 1430 παραλαβόντες
1053 1353 1310 1434 λέγουσι·
1385 1353 1541 1430 παρὰ
1579 1352 1643 1412 δὲ
1683 1353 1938 1418 Σκυθέων

331 1439 494 1516 ἡμεῖς
518 1443 573 1501 οἱ
599 1439 771 1500 ἄλλοι
796 1443 1176 1518 νενομίκαμεν,
1205 1441 1298 1500 καῖΙ
1334 1439 1712 1517 οὗνομάζομεν
1737 1440 1938 1506 adv-0133

334 1528 605 1591 Σκυθιστὶ
641 1527 1049 1605 Ἀριμασπούς·
1094 1527 1364 1587 ἈΡΙΜΑ
1410 1528 1524 1609 γάρ
1566 1528 1626 1587 ἓν
1667 1530 1938 1590 καλέουσι

236 1615 315 1676 28
334 1614 559 1686 Σκύθαι,
589 1616 805 1680 ΣΠΟΥ
829 1615 889 1674 δὲ
918 1615 1018 1676 τᾶν
1056 1613 1380 1692 ὀφθαλμόν.
1462 1617 1850 1694 Δυσχείμερος
1875 1617 1938 1677 δὲ

330 1700 473 1779 αὕτη
497 1703 536 1778 ἤ
572 1703 988 1816 καταλεχθεῖσα
1025 1706 1191 1762 πᾶσα
1227 1701 1386 1782 χώρη
1421 1701 1563 1763 οὕτω
1601 1703 1673 1779 δή
1707 1705 1768 1764 τί
1793 1709 1935 1816 ἐστι,

334 1791 467 1852 ἔνθα
490 1817 619 1857 τους
642 1794 747 1870 μὲν
784 1791 930 1853 ὀκτω
964 1795 1078 1852 τῶν
1106 1795 1296 1869 μηνῶν
1330 1791 1619 1869 ἀφόρητος
1649 1793 1766 1856 οἶος
1789 1794 1936 1874 γίνε·

331 1905 428 1941 ται
452 1880 675 1960 κρυμὸς,
702 1885 763 1941 ἐν
785 1879 941 1942 τοῖσι
964 1878 1108 1957 ὕδωρ
1137 1880 1334 1959 ἐκχέας
1358 1880 1547 1956 πηλόν
1574 1879 1640 1940 ού
1664 1880 1936 1956 ποιήσεις,

331 1972 445 2047 πῦρ
470 1971 546 2030 δὲ
590 1968 867 2031 ἀνακαίων
904 1967 1162 2046 ποιήσεις
1211 1967 1416 2044 πηλόν·
1483 1967 1522 2043 ἦ
1563 1967 1626 2028 δὲ
1665 1967 1940 2029 θάλασσα

333 2058 628 2140 πήγνυται,
673 2059 766 2118 καὶ
804 2058 838 2119 o‘
879 2056 1182 2135 Βόσπορος
1219 2058 1332 2119 πᾶς
1371 2055 1404 2116 ὅ
1445 2055 1776 2133 Κιμμέριος·
1841 2057 1937 2116 καὶ

334 2147 428 2206 ἐπὶ
451 2147 553 2208 τοῦ
589 2145 950 2224 κρυστάλλου
984 2148 1040 2205 οἶ
1080 2143 1234 2208 ἐντός
1262 2143 1484 2222 τάφρης
1518 2142 1731 2208 Σκύθαι
1755 2169 1936 2204 κατοι-

334 2235 561 2310 κημένοι
602 2232 1015 2312 στρατεύονται,
1054 2234 1148 2292 καὶ
1174 2231 1276 2296 τοὶς
1315 2230 1535 2309 ἀμάξας
1567 2230 1940 2292 ἐπελαύνουσι

334 2323 509 2397 πέρην
560 2325 615 2385 ἐς
664 2320 796 2385 τούς
850 2319 1116 2396 Σινδούςῆ
1165 2319 1308 2382 οὕτω
1356 2322 1462 2396 μὲν
1506 2318 1577 2394 δή
1620 2317 1753 2382 τούς
1791 2319 1938 2380 ὄκτῶ

332 2411 513 2484 μῆνας
565 2407 833 2468 διατελέει
881 2407 1092 2486 χειμὼν
1142 2406 1266 2468 ε’ὥν·
1330 2406 1462 2471 τοῦς
1509 2404 1560 2465 δ’
1613 2406 1938 2472 ἐπιλοίπους

330 2495 608 2580 τέσσερας
638 2495 825 2575 ψύχεα
855 2495 1051 2556 αὐτόθι
1078 2494 1230 2555 ιε’στί.
1313 2492 1651 2574 κεχώρισται
1689 2495 1752 2554 δὲ
1777 2492 1938 2559 οὗτος

331 2580 367 2641 ὁ
397 2582 607 2662 χειμών
642 2582 774 2647 τούς
811 2581 1053 2661 τρόπους
1090 2585 1239 2642 πᾶσι
1277 2585 1431 2643 τοῖσι
1470 2586 1532 2642 ἐν
1569 2580 1806 2642 ἄλλοισι
1829 2606 1937 2660 χω·-

329 2669 507 2746 ρίοισι
537 2671 885 2751 γινομένοισι
921 2673 1183 2749 χειμῶσι·
1236 2673 1298 2730 ἐν
1332 2673 1412 2749 τῷ
1448 2667 1552 2745 τήν
1589 2671 1696 2746 μὲν
1731 2669 1939 2747 ὥραίην

334 2756 436 2817 ούκ
488 2756 573 2817 ὕει
610 2757 789 2840 λόγου
830 2757 987 2829 ἄξιον
1032 2757 1206 2827 οὐδὲν,
1248 2757 1317 2818 τό
1369 2758 1432 2817 δὲ
1481 2757 1642 2835 θέρος
1683 2755 1792 2818 ὕων
1835 2756 1938 2816 οῦκ

334 2843 496 2906 ἀνίει·
542 2847 787 2924 βρονταί
803 2871 869 2908 τε
893 2845 1037 2923 ἦμος
1060 2849 1133 2925 τῇ
1165 2843 1320 2924 ἄλλῃ
1345 2868 1610 2926 γινονται,
1635 2867 1939 2920 τηνικαυτα

334 2933 438 3011 μὲν
490 2932 557 2993 οὗ
608 2934 877 3016 γίνονται·
944 2933 1133 3042 θέρεος
1185 2932 1247 2992 δὲ
1306 2931 1688 3009 ἀμφιλαφέες·
1752 2929 1826 3007 ἢν
1875 2930 1938 2991 δὲ

333 3025 605 3100 χειμῶνος
666 3019 885 3099 βροντὴ
950 3020 1194 3101 γένηται,
1253 3018 1323 3082 ὥς
1387 3019 1550 3094 τέρας
1614 3017 1939 3095 νενόμισται

332 3108 709 3186 θωμάζεσθαι·
752 3108 823 3172 ως
862 3107 922 3166 δὲ
963 3107 1056 3165 καὶ
1094 3105 1166 3182 ἢν
1205 3105 1444 3182 σεισμός
1480 3105 1723 3184 γένηται,
1765 3103 1837 3180 ἦν
1871 3129 1939 3164 τε

332 3195 521 3272 θέρεος
559 3195 630 3272 ἦν
666 3219 731 3255 τε
767 3195 1057 3275 χειμῶνος,
1090 3197 1150 3252 ἐν
1187 3197 1262 3271 τῇ
1303 3191 1547 3268 Σκυθικῇ
1583 3191 1748 3266 τέρας
1786 3189 1937 3251 νενό-

332 3305 553 3356 μισται·
594 3282 757 3342 ἵπποι
798 3282 860 3342 δὲ
894 3278 1224 3362 ἀνεχόμενοι
1266 3279 1508 3355 φέρουσι
1547 3275 1649 3336 τὸν
1688 3280 1938 3353 χειμῶνα
1973 3329 1980 3337 .
