<?xml version="1.0" encoding="UTF-8"?>
<!DOCTYPE html PUBLIC "-//W3C//DTD XHTML 1.0 Transitional//EN"
    "http://www.w3.org/TR/xhtml1/DTD/xhtml1-transitional.dtd">
<html xmlns="http://www.w3.org/1999/xhtml" xml:lang="en" lang="en">
 <head>
  <title>
</title>
<meta http-equiv="Content-Type" content="text/html;charset=utf-8" />
  <meta name='ocr-system' content='tesseract 3.04.00' />
  <meta name='ocr-capabilities' content='ocr_page ocr_carea ocr_par ocr_line ocrx_word'/>
</head>
<body>
  <div class='ocr_page' id='page_1' title='image "./herodotus05blakgoog_0146.png"; bbox 0 0 2267 3517; ppageno 0'>
   <div class='ocr_carea' id='block_1_1' title="bbox 214 131 1964 3358">
    <p class='ocr_par' dir='ltr' id='par_1_1' title="bbox 299 131 1964 731">
     <span class='ocr_line' id='line_1_1' title="bbox 308 131 1909 197; baseline 0.002 -15"><span class='ocrx_word' id='word_1_1' title='bbox 308 133 407 183; x_wconf 83' lang='lat'>136</span> <span class='ocrx_word' id='word_1_2' title='bbox 924 131 1293 184; x_wconf 67' lang='grc' dir='ltr'>ἮΡοΔοτοτ</span> <span class='ocrx_word' id='word_1_3' title='bbox 1811 132 1909 197; x_wconf 90' lang='lat'>[11.</span> 
     </span>
     <span class='ocr_line' id='line_1_2' title="bbox 308 210 1914 295; baseline 0.001 -23"><span class='ocrx_word' id='word_1_4' title='bbox 308 210 371 272; x_wconf 85' lang='grc' dir='ltr'>δὲ</span> <span class='ocrx_word' id='word_1_5' title='bbox 430 215 487 276; x_wconf 78' lang='grc' dir='ltr'>ἐς</span> <span class='ocrx_word' id='word_1_6' title='bbox 535 210 669 276; x_wconf 73' lang='grc' dir='ltr'>τοῦς</span> <span class='ocrx_word' id='word_1_7' title='bbox 725 212 947 289; x_wconf 80' lang='grc' dir='ltr'>Λίβυας</span> <span class='ocrx_word' id='word_1_8' title='bbox 1004 211 1301 291; x_wconf 72' lang='grc' dir='ltr'>οἰχομένην</span> <span class='ocrx_word' id='word_1_9' title='bbox 1350 210 1621 273; x_wconf 86' lang='grc' dir='ltr'>πελειάδα</span> <span class='ocrx_word' id='word_1_10' title='bbox 1675 211 1914 295; x_wconf 89' lang='grc' dir='ltr'>λέγουσι</span> 
     </span>
     <span class='ocr_line' id='line_1_3' title="bbox 299 298 1912 378; baseline 0.001 -19"><span class='ocrx_word' id='word_1_11' title='bbox 299 298 600 376; x_wconf 80' lang='grc' dir='ltr'>Ἀμμωνος</span> <span class='ocrx_word' id='word_1_12' title='bbox 624 299 970 378; x_wconf 85' lang='grc' dir='ltr'>χρηστήριον</span> <span class='ocrx_word' id='word_1_13' title='bbox 990 304 1255 359; x_wconf 81' lang='grc' dir='ltr'>κελεῦσαι</span> <span class='ocrx_word' id='word_1_14' title='bbox 1271 298 1402 363; x_wconf 75' lang='grc' dir='ltr'>τούς</span> <span class='ocrx_word' id='word_1_15' title='bbox 1415 301 1635 376; x_wconf 87' lang='grc' dir='ltr'>Λίβυας</span> <span class='ocrx_word' id='word_1_16' title='bbox 1653 299 1912 361; x_wconf 85' lang='grc' dir='ltr'>ποιέειν·”</span> 
     </span>
     <span class='ocr_line' id='line_1_4' title="bbox 315 386 1914 465; baseline 0.001 -19"><span class='ocrx_word' id='word_1_17' title='bbox 315 387 439 447; x_wconf 77' lang='grc' dir='ltr'>ἔστι</span> <span class='ocrx_word' id='word_1_18' title='bbox 484 386 545 445; x_wconf 79' lang='grc' dir='ltr'>δὲ</span> <span class='ocrx_word' id='word_1_19' title='bbox 586 388 679 445; x_wconf 82' lang='grc' dir='ltr'>καὶ</span> <span class='ocrx_word' id='word_1_20' title='bbox 716 390 881 446; x_wconf 80' lang='grc' dir='ltr'>τοῦτο</span> <span class='ocrx_word' id='word_1_21' title='bbox 918 387 1071 451; x_wconf 76' lang='grc' dir='ltr'>Διός.</span> <span class='ocrx_word' id='word_1_22' title='bbox 1159 386 1496 447; x_wconf 84' lang='grc' dir='ltr'>Δωδωναίων</span> <span class='ocrx_word' id='word_1_23' title='bbox 1537 388 1596 447; x_wconf 78' lang='grc' dir='ltr'>δὲ</span> <span class='ocrx_word' id='word_1_24' title='bbox 1641 390 1701 447; x_wconf 76' lang='grc' dir='ltr'>αἱ</span> <span class='ocrx_word' id='word_1_25' title='bbox 1741 388 1914 465; x_wconf 79' lang='grc' dir='ltr'>ἶρήῖαι</span> 
     </span>
     <span class='ocr_line' id='line_1_5' title="bbox 317 472 1914 555; baseline 0.001 -21"><span class='ocrx_word' id='word_1_26' title='bbox 317 476 451 555; x_wconf 82' lang='grc' dir='ltr'>(τῶν</span> <span class='ocrx_word' id='word_1_27' title='bbox 490 478 563 553; x_wconf 86' lang='grc' dir='ltr'>τῇ</span> <span class='ocrx_word' id='word_1_28' title='bbox 606 474 974 553; x_wconf 79' lang='grc' dir='ltr'>πρεσβυτάτῃ</span> <span class='ocrx_word' id='word_1_29' title='bbox 1019 472 1230 551; x_wconf 76' lang='grc' dir='ltr'>οὔνομα</span> <span class='ocrx_word' id='word_1_30' title='bbox 1263 473 1340 551; x_wconf 40' lang='grc' dir='ltr'>’ἦν</span> <span class='ocrx_word' id='word_1_31' title='bbox 1383 475 1717 552; x_wconf 78' lang='grc' dir='ltr'>Προμένεια,</span> <span class='ocrx_word' id='word_1_32' title='bbox 1745 480 1818 553; x_wconf 79' lang='grc' dir='ltr'>τῇ</span> <span class='ocrx_word' id='word_1_33' title='bbox 1854 476 1914 535; x_wconf 81' lang='grc' dir='ltr'>δὲ</span> 
     </span>
     <span class='ocr_line' id='line_1_6' title="bbox 312 560 1914 643; baseline 0 -22"><span class='ocrx_word' id='word_1_34' title='bbox 312 560 455 639; x_wconf 71' lang='grc' dir='ltr'>μετσῖ</span> <span class='ocrx_word' id='word_1_35' title='bbox 494 562 700 637; x_wconf 86' lang='grc' dir='ltr'>ταύτην</span> <span class='ocrx_word' id='word_1_36' title='bbox 738 562 1036 639; x_wconf 82' lang='grc' dir='ltr'>Τιμαρέτη,</span> <span class='ocrx_word' id='word_1_37' title='bbox 1075 565 1150 641; x_wconf 81' lang='grc' dir='ltr'>τῇ</span> <span class='ocrx_word' id='word_1_38' title='bbox 1189 562 1250 621; x_wconf 78' lang='grc' dir='ltr'>δὲ</span> <span class='ocrx_word' id='word_1_39' title='bbox 1296 562 1538 643; x_wconf 79' lang='grc' dir='ltr'>νεωτάτῃ</span> <span class='ocrx_word' id='word_1_40' title='bbox 1584 562 1914 643; x_wconf 87' lang='grc' dir='ltr'>Νικάνδρη,)</span> 
     </span>
     <span class='ocr_line' id='line_1_7' title="bbox 315 645 1964 731; baseline 0 -22"><span class='ocrx_word' id='word_1_41' title='bbox 315 649 511 730; x_wconf 79' lang='grc' dir='ltr'>ἔλεγον</span> <span class='ocrx_word' id='word_1_42' title='bbox 547 652 741 710; x_wconf 79' lang='grc' dir='ltr'>ταῦτα·</span> <span class='ocrx_word' id='word_1_43' title='bbox 790 650 1220 731; x_wconf 79' lang='grc' dir='ltr'>συνωμολόγεον</span> <span class='ocrx_word' id='word_1_44' title='bbox 1261 650 1324 709; x_wconf 87' lang='grc' dir='ltr'>δέ</span> <span class='ocrx_word' id='word_1_45' title='bbox 1361 656 1475 727; x_wconf 86' lang='grc' dir='ltr'>σφι</span> <span class='ocrx_word' id='word_1_46' title='bbox 1515 650 1610 711; x_wconf 85' lang='grc' dir='ltr'>καὶ</span> <span class='ocrx_word' id='word_1_47' title='bbox 1649 654 1704 710; x_wconf 79' lang='grc' dir='ltr'>οἶ</span> <span class='ocrx_word' id='word_1_48' title='bbox 1741 649 1914 711; x_wconf 78' lang='grc' dir='ltr'>ἄλλοι</span> <span class='ocrx_word' id='word_1_49' title='bbox 1958 645 1964 653; x_wconf 61' lang='grc'><strong>’</strong></span> 
     </span>
    </p>

    <p class='ocr_par' dir='ltr' id='par_1_2' title="bbox 219 736 1922 1780">
     <span class='ocr_line' id='line_1_8' title="bbox 219 736 1914 820; baseline 0.002 -22"><span class='ocrx_word' id='word_1_50' title='bbox 219 739 297 799; x_wconf 85' lang='grc'>56</span> <span class='ocrx_word' id='word_1_51' title='bbox 321 738 637 798; x_wconf 79' lang='grc' dir='ltr'>Δωδωναῖοι</span> <span class='ocrx_word' id='word_1_52' title='bbox 663 741 717 797; x_wconf 81' lang='grc' dir='ltr'>οἱ</span> <span class='ocrx_word' id='word_1_53' title='bbox 743 736 872 814; x_wconf 84' lang='grc' dir='ltr'>περὶ</span> <span class='ocrx_word' id='word_1_54' title='bbox 894 736 961 797; x_wconf 75' lang='grc' dir='ltr'>τὰ</span> <span class='ocrx_word' id='word_1_55' title='bbox 984 737 1122 815; x_wconf 79' lang='grc' dir='ltr'>ἱρόν.</span> <span class='ocrx_word' id='word_1_56' title='bbox 1179 737 1328 820; x_wconf 77' lang='grc' dir='ltr'>Ἑγῶ</span> <span class='ocrx_word' id='word_1_57' title='bbox 1353 737 1400 797; x_wconf 86' lang='grc' dir='ltr'>δ’</span> <span class='ocrx_word' id='word_1_58' title='bbox 1421 740 1529 817; x_wconf 82' lang='grc' dir='ltr'>ἔχω</span> <span class='ocrx_word' id='word_1_59' title='bbox 1553 738 1682 815; x_wconf 88' lang='grc' dir='ltr'>περὶ</span> <span class='ocrx_word' id='word_1_60' title='bbox 1709 736 1914 801; x_wconf 80' lang='grc' dir='ltr'>αὖτέων</span> 
     </span>
     <span class='ocr_line' id='line_1_9' title="bbox 314 822 1914 936; baseline 0.001 -52"><span class='ocrx_word' id='word_1_61' title='bbox 314 851 541 936; x_wconf 81' lang='grc' dir='ltr'>γνωμην</span> <span class='ocrx_word' id='word_1_62' title='bbox 562 824 747 902; x_wconf 82' lang='grc' dir='ltr'>τήνδε·</span> <span class='ocrx_word' id='word_1_63' title='bbox 790 828 839 884; x_wconf 79' lang='grc' dir='ltr'>εἰ</span> <span class='ocrx_word' id='word_1_64' title='bbox 868 822 1118 901; x_wconf 89' lang='grc' dir='ltr'>αληθέως</span> <span class='ocrx_word' id='word_1_65' title='bbox 1143 828 1200 886; x_wconf 77' lang='grc' dir='ltr'>οἱ</span> <span class='ocrx_word' id='word_1_66' title='bbox 1231 826 1480 889; x_wconf 87' lang='grc' dir='ltr'>Φοίνικες</span> <span class='ocrx_word' id='word_1_67' title='bbox 1515 826 1790 907; x_wconf 75' lang='grc' dir='ltr'>ἐξήγαγον</span> <span class='ocrx_word' id='word_1_68' title='bbox 1814 825 1914 891; x_wconf 87' lang='grc' dir='ltr'>τοὶς</span> 
     </span>
     <span class='ocr_line' id='line_1_10' title="bbox 316 911 1915 1024; baseline 0.001 -51"><span class='ocrx_word' id='word_1_69' title='bbox 316 911 437 991; x_wconf 81' lang='grc' dir='ltr'>ιροῖς</span> <span class='ocrx_word' id='word_1_70' title='bbox 460 916 739 994; x_wconf 79' lang='grc' dir='ltr'>γυναῖκας,</span> <span class='ocrx_word' id='word_1_71' title='bbox 766 912 859 972; x_wconf 83' lang='grc' dir='ltr'>καὶ</span> <span class='ocrx_word' id='word_1_72' title='bbox 882 912 987 988; x_wconf 83' lang='grc' dir='ltr'>τήν</span> <span class='ocrx_word' id='word_1_73' title='bbox 1019 915 1124 990; x_wconf 79' lang='grc' dir='ltr'>μὲν</span> <span class='ocrx_word' id='word_1_74' title='bbox 1160 911 1366 974; x_wconf 82' lang='grc' dir='ltr'>αύτέων</span> <span class='ocrx_word' id='word_1_75' title='bbox 1393 918 1448 976; x_wconf 78' lang='grc' dir='ltr'>ἐς</span> <span class='ocrx_word' id='word_1_76' title='bbox 1476 913 1702 991; x_wconf 81' lang='grc' dir='ltr'>Λιβύην</span> <span class='ocrx_word' id='word_1_77' title='bbox 1715 912 1843 1024; x_wconf 49' lang='grc' dir='ltr'>Ητῆν</span> <span class='ocrx_word' id='word_1_78' title='bbox 1853 914 1915 974; x_wconf 85' lang='grc' dir='ltr'>δὲ</span> 
     </span>
     <span class='ocr_line' id='line_1_11' title="bbox 316 999 1914 1082; baseline -0.001 -21"><span class='ocrx_word' id='word_1_79' title='bbox 316 1005 372 1065; x_wconf 78' lang='grc' dir='ltr'>ἐς</span> <span class='ocrx_word' id='word_1_80' title='bbox 407 1000 512 1077; x_wconf 82' lang='grc' dir='ltr'>τήν</span> <span class='ocrx_word' id='word_1_81' title='bbox 546 1000 801 1060; x_wconf 87' lang='grc' dir='ltr'>Ἑλλάδα</span> <span class='ocrx_word' id='word_1_82' title='bbox 835 999 1123 1071; x_wconf 76' lang='grc' dir='ltr'>ἀπέδοντο,</span> <span class='ocrx_word' id='word_1_83' title='bbox 1152 1000 1330 1061; x_wconf 86' lang='grc' dir='ltr'>δοκέει</span> <span class='ocrx_word' id='word_1_84' title='bbox 1364 1001 1490 1080; x_wconf 84' lang='grc' dir='ltr'>ε’μοὶ</span> <span class='ocrx_word' id='word_1_85' title='bbox 1519 1000 1559 1078; x_wconf 80' lang='grc' dir='ltr'><em>ἦ</em></span> <span class='ocrx_word' id='word_1_86' title='bbox 1591 1000 1732 1082; x_wconf 77' lang='grc' dir='ltr'>γυνή</span> <span class='ocrx_word' id='word_1_87' title='bbox 1772 1000 1914 1078; x_wconf 76' lang='grc' dir='ltr'>αὕτη</span> 
     </span>
     <span class='ocr_line' id='line_1_12' title="bbox 312 1087 1916 1170; baseline 0.002 -21"><span class='ocrx_word' id='word_1_88' title='bbox 312 1092 415 1166; x_wconf 76' lang='grc' dir='ltr'>τῆς</span> <span class='ocrx_word' id='word_1_89' title='bbox 433 1093 529 1149; x_wconf 80' lang='grc' dir='ltr'>νῦν</span> <span class='ocrx_word' id='word_1_90' title='bbox 545 1088 823 1153; x_wconf 78' lang='grc' dir='ltr'>Ἑλλάδος</span> <span class='ocrx_word' id='word_1_91' title='bbox 846 1087 1120 1166; x_wconf 84' lang='grc' dir='ltr'>πρότερον</span> <span class='ocrx_word' id='word_1_92' title='bbox 1147 1088 1207 1148; x_wconf 81' lang='grc' dir='ltr'>δὲ</span> <span class='ocrx_word' id='word_1_93' title='bbox 1227 1090 1557 1170; x_wconf 80' lang='grc' dir='ltr'>Πελασγίης</span> <span class='ocrx_word' id='word_1_94' title='bbox 1578 1088 1916 1166; x_wconf 76' lang='grc' dir='ltr'>καλευμένης</span> 
     </span>
     <span class='ocr_line' id='line_1_13' title="bbox 314 1175 1915 1255; baseline -0.004 -14"><span class='ocrx_word' id='word_1_95' title='bbox 314 1182 416 1253; x_wconf 79' lang='grc' dir='ltr'>τῆς</span> <span class='ocrx_word' id='word_1_96' title='bbox 445 1176 613 1254; x_wconf 77' lang='grc' dir='ltr'>αὐτῆς</span> <span class='ocrx_word' id='word_1_97' title='bbox 645 1176 848 1253; x_wconf 78' lang='grc' dir='ltr'>ταύτης</span> <span class='ocrx_word' id='word_1_98' title='bbox 887 1178 1170 1253; x_wconf 82' lang='grc' dir='ltr'>πρηθῆναι</span> <span class='ocrx_word' id='word_1_99' title='bbox 1207 1180 1264 1241; x_wconf 81' lang='grc' dir='ltr'>ἐς</span> <span class='ocrx_word' id='word_1_100' title='bbox 1298 1175 1684 1255; x_wconf 88' lang='grc' dir='ltr'>Θεσπρωτους,</span> <span class='ocrx_word' id='word_1_101' title='bbox 1727 1177 1915 1237; x_wconf 81' lang='grc' dir='ltr'>ἔπειτα</span> 
     </span>
     <span class='ocr_line' id='line_1_14' title="bbox 320 1262 1914 1345; baseline -0.001 -20"><span class='ocrx_word' id='word_1_102' title='bbox 320 1265 664 1325; x_wconf 80' lang='grc' dir='ltr'>δουλεύουσα</span> <span class='ocrx_word' id='word_1_103' title='bbox 694 1262 889 1325; x_wconf 80' lang='grc' dir='ltr'>αύτόθι</span> <span class='ocrx_word' id='word_1_104' title='bbox 923 1263 1264 1341; x_wconf 78' lang='grc' dir='ltr'>ἱδρύσασθαι</span> <span class='ocrx_word' id='word_1_105' title='bbox 1297 1263 1410 1325; x_wconf 75' lang='grc' dir='ltr'>ὖπό</span> <span class='ocrx_word' id='word_1_106' title='bbox 1447 1269 1611 1345; x_wconf 74' lang='grc' dir='ltr'>φηγῷ</span> <span class='ocrx_word' id='word_1_107' title='bbox 1635 1263 1914 1342; x_wconf 68' lang='grc' dir='ltr'>πεφυκυίῃ</span> 
     </span>
     <span class='ocr_line' id='line_1_15' title="bbox 319 1351 1914 1430; baseline 0.001 -19"><span class='ocrx_word' id='word_1_108' title='bbox 319 1351 456 1416; x_wconf 83' lang='grc' dir='ltr'>Διός</span> <span class='ocrx_word' id='word_1_109' title='bbox 493 1352 629 1429; x_wconf 82' lang='grc' dir='ltr'>ἱρόν·</span> <span class='ocrx_word' id='word_1_110' title='bbox 672 1351 861 1429; x_wconf 79' lang='grc' dir='ltr'>ὥσπερ</span> <span class='ocrx_word' id='word_1_111' title='bbox 896 1351 967 1427; x_wconf 84' lang='grc' dir='ltr'>ἣν</span> <span class='ocrx_word' id='word_1_112' title='bbox 1002 1351 1155 1415; x_wconf 81' lang='grc' dir='ltr'>οῖκός</span> <span class='ocrx_word' id='word_1_113' title='bbox 1187 1351 1694 1430; x_wconf 75' lang='grc' dir='ltr'>ἀμφιπολεύουσαν</span> <span class='ocrx_word' id='word_1_114' title='bbox 1719 1357 1778 1413; x_wconf 82' lang='grc' dir='ltr'>ἐν</span> <span class='ocrx_word' id='word_1_115' title='bbox 1804 1351 1914 1427; x_wconf 83' lang='grc' dir='ltr'>Θή·</span> 
     </span>
     <span class='ocr_line' id='line_1_16' title="bbox 315 1437 1916 1518; baseline 0.001 -20"><span class='ocrx_word' id='word_1_116' title='bbox 315 1441 465 1518; x_wconf 90' lang='grc' dir='ltr'>βῃσι</span> <span class='ocrx_word' id='word_1_117' title='bbox 493 1439 611 1515; x_wconf 81' lang='grc' dir='ltr'>ἱρόν</span> <span class='ocrx_word' id='word_1_118' title='bbox 638 1438 793 1509; x_wconf 78' lang='grc' dir='ltr'>Διός,</span> <span class='ocrx_word' id='word_1_119' title='bbox 821 1439 954 1499; x_wconf 80' lang='grc' dir='ltr'>ἔνθα</span> <span class='ocrx_word' id='word_1_120' title='bbox 978 1437 1212 1499; x_wconf 80' lang='grc' dir='ltr'>άπίκετο</span> <span class='ocrx_word' id='word_1_121' title='bbox 1237 1440 1472 1500; x_wconf 79' lang='grc' dir='ltr'>ἐνθαῦτα</span> <span class='ocrx_word' id='word_1_122' title='bbox 1496 1440 1722 1517; x_wconf 87' lang='grc' dir='ltr'>μνήμην</span> <span class='ocrx_word' id='word_1_123' title='bbox 1746 1438 1916 1500; x_wconf 72' lang='grc' dir='ltr'>αὐτοῦ</span> 
     </span>
     <span class='ocr_line' id='line_1_17' title="bbox 318 1525 1922 1609; baseline 0.001 -24"><span class='ocrx_word' id='word_1_124' title='bbox 318 1527 482 1607; x_wconf 82' lang='grc' dir='ltr'>ἔχειν·</span> <span class='ocrx_word' id='word_1_125' title='bbox 538 1530 599 1585; x_wconf 83' lang='grc' dir='ltr'>ἐκ</span> <span class='ocrx_word' id='word_1_126' title='bbox 639 1525 701 1585; x_wconf 81' lang='grc' dir='ltr'>δὲ</span> <span class='ocrx_word' id='word_1_127' title='bbox 736 1525 951 1596; x_wconf 87' lang='grc' dir='ltr'>τούτου,</span> <span class='ocrx_word' id='word_1_128' title='bbox 992 1525 1340 1605; x_wconf 84' lang='grc' dir='ltr'>χρηστήριον</span> <span class='ocrx_word' id='word_1_129' title='bbox 1379 1527 1756 1609; x_wconf 84' lang='grc' dir='ltr'>κατηγήσατο,</span> <span class='ocrx_word' id='word_1_130' title='bbox 1796 1526 1922 1587; x_wconf 89' lang='grc' dir='ltr'>ε’πεί</span> 
     </span>
     <span class='ocr_line' id='line_1_18' title="bbox 316 1612 1916 1694; baseline 0.001 -21"><span class='ocrx_word' id='word_1_131' title='bbox 316 1638 381 1673; x_wconf 86' lang='grc' dir='ltr'>τε</span> <span class='ocrx_word' id='word_1_132' title='bbox 422 1614 710 1691; x_wconf 87' lang='grc' dir='ltr'>συνέλαβε</span> <span class='ocrx_word' id='word_1_133' title='bbox 748 1614 854 1689; x_wconf 80' lang='grc' dir='ltr'>τήν</span> <span class='ocrx_word' id='word_1_134' title='bbox 892 1612 1148 1673; x_wconf 81' lang='grc' dir='ltr'>Ἑλλάδα</span> <span class='ocrx_word' id='word_1_135' title='bbox 1188 1617 1485 1694; x_wconf 73' lang='grc' dir='ltr'>γλῶσσαν·</span> <span class='ocrx_word' id='word_1_136' title='bbox 1543 1612 1740 1691; x_wconf 75' lang='grc' dir='ltr'>φάναι</span> <span class='ocrx_word' id='word_1_137' title='bbox 1759 1614 1822 1673; x_wconf 88' lang='grc' dir='ltr'>δέ</span> <span class='ocrx_word' id='word_1_138' title='bbox 1861 1617 1916 1675; x_wconf 81' lang='grc' dir='ltr'>οἶ</span> 
     </span>
     <span class='ocr_line' id='line_1_19' title="bbox 320 1700 1916 1780; baseline 0.001 -19"><span class='ocrx_word' id='word_1_139' title='bbox 320 1700 603 1777; x_wconf 72' lang='grc' dir='ltr'>ἀδελφεὴν</span> <span class='ocrx_word' id='word_1_140' title='bbox 640 1706 697 1761; x_wconf 82' lang='grc' dir='ltr'>ἐν</span> <span class='ocrx_word' id='word_1_141' title='bbox 721 1700 914 1780; x_wconf 83' lang='grc' dir='ltr'>Λιβύῃ</span> <span class='ocrx_word' id='word_1_142' title='bbox 939 1702 1267 1777; x_wconf 82' lang='grc' dir='ltr'>πεπρῆσθαι</span> <span class='ocrx_word' id='word_1_143' title='bbox 1299 1701 1410 1763; x_wconf 81' lang='grc' dir='ltr'>ύπό</span> <span class='ocrx_word' id='word_1_144' title='bbox 1447 1706 1557 1764; x_wconf 74' lang='grc' dir='ltr'>τῶν</span> <span class='ocrx_word' id='word_1_145' title='bbox 1584 1701 1763 1763; x_wconf 74' lang='grc' dir='ltr'>αὐτῶν</span> <span class='ocrx_word' id='word_1_146' title='bbox 1787 1709 1916 1762; x_wconf 88' lang='grc' dir='ltr'>Φοι-</span> 
     </span>
    </p>

    <p class='ocr_par' dir='ltr' id='par_1_3' title="bbox 223 1787 1916 1867">
     <span class='ocr_line' id='line_1_20' title="bbox 223 1787 1916 1867; baseline 0 -17"><span class='ocrx_word' id='word_1_147' title='bbox 223 1790 301 1852; x_wconf 86' lang='grc'>57</span> <span class='ocrx_word' id='word_1_148' title='bbox 320 1790 496 1859; x_wconf 88' lang='grc' dir='ltr'>νίκων,</span> <span class='ocrx_word' id='word_1_149' title='bbox 522 1788 613 1848; x_wconf 74' lang='grc' dir='ltr'>ὕπ’</span> <span class='ocrx_word' id='word_1_150' title='bbox 652 1787 727 1849; x_wconf 81' lang='grc' dir='ltr'>ὧν</span> <span class='ocrx_word' id='word_1_151' title='bbox 761 1790 855 1847; x_wconf 86' lang='grc' dir='ltr'>καὶ</span> <span class='ocrx_word' id='word_1_152' title='bbox 889 1788 1030 1864; x_wconf 79' lang='grc' dir='ltr'>αύτή</span> <span class='ocrx_word' id='word_1_153' title='bbox 1069 1788 1306 1867; x_wconf 87' lang='grc' dir='ltr'>ε’πρήθη.</span> <span class='ocrx_word' id='word_1_154' title='bbox 1388 1790 1692 1854; x_wconf 85' lang='grc' dir='ltr'>Πελειάδες</span> <span class='ocrx_word' id='word_1_155' title='bbox 1723 1790 1787 1849; x_wconf 84' lang='grc' dir='ltr'>δέ</span> <span class='ocrx_word' id='word_1_156' title='bbox 1815 1816 1916 1867; x_wconf 89' lang='grc' dir='ltr'>μοι</span> 
     </span>
    </p>

    <p class='ocr_par' dir='ltr' id='par_1_4' title="bbox 214 1876 1923 2922">
     <span class='ocr_line' id='line_1_21' title="bbox 214 1876 1917 1953; baseline 0.001 -18"><span class='ocrx_word' id='word_1_157' title='bbox 214 1885 219 1891; x_wconf 83' lang='lat'>&#39;</span> <span class='ocrx_word' id='word_1_158' title='bbox 319 1876 579 1936; x_wconf 86' lang='grc' dir='ltr'>δοκέουσι</span> <span class='ocrx_word' id='word_1_159' title='bbox 624 1877 898 1953; x_wconf 82' lang='grc' dir='ltr'>κληθῆναι</span> <span class='ocrx_word' id='word_1_160' title='bbox 942 1876 1085 1953; x_wconf 70' lang='grc' dir='ltr'>πρὸς</span> <span class='ocrx_word' id='word_1_161' title='bbox 1137 1878 1474 1938; x_wconf 85' lang='grc' dir='ltr'>Δωδωναίων</span> <span class='ocrx_word' id='word_1_162' title='bbox 1519 1879 1611 1938; x_wconf 83' lang='grc' dir='ltr'>ε’πὶ</span> <span class='ocrx_word' id='word_1_163' title='bbox 1655 1878 1816 1939; x_wconf 79' lang='grc' dir='ltr'>τοῦδε</span> <span class='ocrx_word' id='word_1_164' title='bbox 1858 1881 1917 1937; x_wconf 84' lang='grc' dir='ltr'>αἶ</span> 
     </span>
     <span class='ocr_line' id='line_1_22' title="bbox 316 1964 1918 2046; baseline 0.001 -23"><span class='ocrx_word' id='word_1_165' title='bbox 316 1968 586 2046; x_wconf 83' lang='grc' dir='ltr'>γυναῖκες,</span> <span class='ocrx_word' id='word_1_166' title='bbox 640 1964 781 2025; x_wconf 86' lang='grc' dir='ltr'>διότι</span> <span class='ocrx_word' id='word_1_167' title='bbox 831 1964 1123 2042; x_wconf 87' lang='grc' dir='ltr'>βάρβαροι</span> <span class='ocrx_word' id='word_1_168' title='bbox 1172 1964 1342 2043; x_wconf 86' lang='grc' dir='ltr'>ἦσαν·</span> <span class='ocrx_word' id='word_1_169' title='bbox 1418 1964 1637 2026; x_wconf 81' lang='grc' dir='ltr'>ἐδόκεον</span> <span class='ocrx_word' id='word_1_170' title='bbox 1691 1965 1754 2025; x_wconf 87' lang='grc' dir='ltr'>δέ</span> <span class='ocrx_word' id='word_1_171' title='bbox 1804 1972 1918 2041; x_wconf 89' lang='grc' dir='ltr'>σφι</span> 
     </span>
     <span class='ocr_line' id='line_1_23' title="bbox 319 2052 1914 2143; baseline -0.001 -30"><span class='ocrx_word' id='word_1_172' title='bbox 319 2052 521 2130; x_wconf 76' lang='grc' dir='ltr'>ὁμοίως</span> <span class='ocrx_word' id='word_1_173' title='bbox 541 2052 725 2130; x_wconf 83' lang='grc' dir='ltr'>ὄρνισι</span> <span class='ocrx_word' id='word_1_174' title='bbox 742 2054 1113 2143; x_wconf 89' lang='grc' dir='ltr'>φθέγγεσθαι·</span> <span class='ocrx_word' id='word_1_175' title='bbox 1141 2079 1285 2131; x_wconf 86' lang='grc' dir='ltr'>μετα</span> <span class='ocrx_word' id='word_1_176' title='bbox 1267 2054 1365 2115; x_wconf 90' lang='grc' dir='ltr'>δε</span> <span class='ocrx_word' id='word_1_177' title='bbox 1388 2053 1592 2133; x_wconf 86' lang='grc' dir='ltr'>χρόνον</span> <span class='ocrx_word' id='word_1_178' title='bbox 1609 2080 1714 2129; x_wconf 91' lang='grc' dir='ltr'>την</span> <span class='ocrx_word' id='word_1_179' title='bbox 1732 2059 1914 2114; x_wconf 83' lang='grc' dir='ltr'>πελει-</span> 
     </span>
     <span class='ocr_line' id='line_1_24' title="bbox 319 2140 1918 2224; baseline 0.001 -25"><span class='ocrx_word' id='word_1_180' title='bbox 319 2140 429 2200; x_wconf 89' lang='grc' dir='ltr'>άδα</span> <span class='ocrx_word' id='word_1_181' title='bbox 459 2140 778 2221; x_wconf 87' lang='grc' dir='ltr'>άνθρωπηιῃ</span> <span class='ocrx_word' id='word_1_182' title='bbox 815 2146 975 2221; x_wconf 86' lang='grc' dir='ltr'>φωνῇ</span> <span class='ocrx_word' id='word_1_183' title='bbox 1005 2141 1371 2212; x_wconf 76' lang='grc' dir='ltr'>αὐδάξασθαι,</span> <span class='ocrx_word' id='word_1_184' title='bbox 1398 2140 1737 2224; x_wconf 82' lang='grc' dir='ltr'>[λέγουσι]’</span> <span class='ocrx_word' id='word_1_185' title='bbox 1711 2142 1836 2201; x_wconf 86' lang='grc' dir='ltr'>επεί</span> <span class='ocrx_word' id='word_1_186' title='bbox 1855 2167 1918 2202; x_wconf 88' lang='grc' dir='ltr'>τε</span> 
     </span>
     <span class='ocr_line' id='line_1_25' title="bbox 318 2228 1919 2310; baseline 0 -21"><span class='ocrx_word' id='word_1_187' title='bbox 318 2228 524 2289; x_wconf 85' lang='grc' dir='ltr'>συνετά</span> <span class='ocrx_word' id='word_1_188' title='bbox 550 2235 663 2305; x_wconf 88' lang='grc' dir='ltr'>σφι</span> <span class='ocrx_word' id='word_1_189' title='bbox 686 2229 890 2305; x_wconf 69' lang='grc' dir='ltr'>ηὔδα“</span> <span class='ocrx_word' id='word_1_190' title='bbox 852 2255 889 2305; x_wconf 94' lang='grc' dir='ltr'>η</span> <span class='ocrx_word' id='word_1_191' title='bbox 913 2229 1075 2310; x_wconf 86' lang='grc' dir='ltr'>γυνή·</span> <span class='ocrx_word' id='word_1_192' title='bbox 1118 2230 1218 2294; x_wconf 78' lang='grc' dir='ltr'>ἕως</span> <span class='ocrx_word' id='word_1_193' title='bbox 1237 2230 1296 2289; x_wconf 80' lang='grc' dir='ltr'>δὲ</span> <span class='ocrx_word' id='word_1_194' title='bbox 1317 2228 1677 2307; x_wconf 81' lang='grc' dir='ltr'>ἐβαρβάριζε,</span> <span class='ocrx_word' id='word_1_195' title='bbox 1700 2228 1919 2306; x_wconf 77' lang='grc' dir='ltr'>ὄρνιθος</span> 
     </span>
     <span class='ocr_line' id='line_1_26' title="bbox 318 2303 1920 2398; baseline 0.002 -24"><span class='ocrx_word' id='word_1_196' title='bbox 318 2314 531 2392; x_wconf 84' lang='grc' dir='ltr'>τρόπον</span> <span class='ocrx_word' id='word_1_197' title='bbox 558 2316 740 2375; x_wconf 82' lang='grc' dir='ltr'>ἐδόκεέ</span> <span class='ocrx_word' id='word_1_198' title='bbox 764 2322 877 2391; x_wconf 86' lang='grc' dir='ltr'>σφι</span> <span class='ocrx_word' id='word_1_199' title='bbox 902 2303 1277 2398; x_wconf 86' lang='grc' dir='ltr'>φθέγγεσθαι.</span> <span class='ocrx_word' id='word_1_200' title='bbox 1361 2318 1480 2376; x_wconf 85' lang='grc' dir='ltr'>ε’πεὶ</span> <span class='ocrx_word' id='word_1_201' title='bbox 1505 2315 1610 2376; x_wconf 88' lang='grc' dir='ltr'>τέω</span> <span class='ocrx_word' id='word_1_202' title='bbox 1634 2316 1824 2396; x_wconf 88' lang='grc' dir='ltr'>τρόπω</span> <span class='ocrx_word' id='word_1_203' title='bbox 1850 2342 1920 2377; x_wconf 86' lang='grc' dir='ltr'>αν</span> 
     </span>
     <span class='ocr_line' id='line_1_27' title="bbox 318 2401 1919 2485; baseline 0.002 -26"><span class='ocrx_word' id='word_1_204' title='bbox 318 2402 547 2465; x_wconf 87' lang='grc' dir='ltr'>πελειάς</span> <span class='ocrx_word' id='word_1_205' title='bbox 563 2428 631 2483; x_wconf 88' lang='grc' dir='ltr'>γε</span> <span class='ocrx_word' id='word_1_206' title='bbox 658 2401 975 2480; x_wconf 81' lang='grc' dir='ltr'>άνθρωπηιῃ</span> <span class='ocrx_word' id='word_1_207' title='bbox 996 2408 1158 2483; x_wconf 78' lang='grc' dir='ltr'>φωνῇ</span> <span class='ocrx_word' id='word_1_208' title='bbox 1184 2403 1526 2485; x_wconf 78' lang='grc' dir='ltr'>φθέγξαιτο;</span> <span class='ocrx_word' id='word_1_209' title='bbox 1569 2404 1840 2480; x_wconf 87' lang='grc' dir='ltr'>μέλαιναν</span> <span class='ocrx_word' id='word_1_210' title='bbox 1859 2404 1919 2463; x_wconf 85' lang='grc' dir='ltr'>δὲ</span> 
     </span>
     <span class='ocr_line' id='line_1_28' title="bbox 320 2488 1918 2571; baseline 0.003 -24"><span class='ocrx_word' id='word_1_211' title='bbox 320 2489 579 2569; x_wconf 85' lang='grc' dir='ltr'>λέγοντες</span> <span class='ocrx_word' id='word_1_212' title='bbox 595 2490 733 2549; x_wconf 80' lang='grc' dir='ltr'>εἶναι</span> <span class='ocrx_word' id='word_1_213' title='bbox 750 2488 856 2565; x_wconf 78' lang='grc' dir='ltr'>τήν</span> <span class='ocrx_word' id='word_1_214' title='bbox 869 2490 1153 2560; x_wconf 87' lang='grc' dir='ltr'>πελειάδα,</span> <span class='ocrx_word' id='word_1_215' title='bbox 1177 2491 1517 2568; x_wconf 86' lang='grc' dir='ltr'>σημαίνουσι</span> <span class='ocrx_word' id='word_1_216' title='bbox 1537 2491 1623 2551; x_wconf 82' lang='grc' dir='ltr'>ὅτι</span> <span class='ocrx_word' id='word_1_217' title='bbox 1640 2492 1918 2571; x_wconf 85' lang='grc' dir='ltr'>Αἰγυπτίη</span> 
     </span>
     <span class='ocr_line' id='line_1_29' title="bbox 321 2574 1916 2659; baseline 0.002 -23"><span class='ocrx_word' id='word_1_218' title='bbox 321 2574 359 2652; x_wconf 82' lang='grc' dir='ltr'><em>ἤ</em></span> <span class='ocrx_word' id='word_1_219' title='bbox 383 2576 525 2657; x_wconf 78' lang='grc' dir='ltr'>γυνή</span> <span class='ocrx_word' id='word_1_220' title='bbox 551 2576 639 2653; x_wconf 86' lang='grc' dir='ltr'>ἦν.</span> <span class='ocrx_word' id='word_1_221' title='bbox 720 2603 758 2654; x_wconf 91' lang='grc' dir='ltr'>η</span> <span class='ocrx_word' id='word_1_222' title='bbox 786 2576 847 2635; x_wconf 88' lang='grc' dir='ltr'>δε</span> <span class='ocrx_word' id='word_1_223' title='bbox 869 2577 1113 2654; x_wconf 87' lang='grc' dir='ltr'>μαντηιη</span> <span class='ocrx_word' id='word_1_224' title='bbox 1147 2577 1184 2654; x_wconf 88' lang='grc' dir='ltr'><strong><em>ἥ</em></strong></span> <span class='ocrx_word' id='word_1_225' title='bbox 1215 2603 1278 2638; x_wconf 92' lang='grc' dir='ltr'>τε</span> <span class='ocrx_word' id='word_1_226' title='bbox 1314 2583 1373 2639; x_wconf 90' lang='grc' dir='ltr'>ε’ν</span> <span class='ocrx_word' id='word_1_227' title='bbox 1399 2578 1636 2659; x_wconf 85' lang='grc' dir='ltr'>Θήβῃσι</span> <span class='ocrx_word' id='word_1_228' title='bbox 1659 2583 1798 2657; x_wconf 84' lang='grc' dir='ltr'>τῇσι</span> <span class='ocrx_word' id='word_1_229' title='bbox 1823 2583 1916 2639; x_wconf 85' lang='grc' dir='ltr'>Αἰ-</span> 
     </span>
     <span class='ocr_line' id='line_1_30' title="bbox 316 2663 1923 2746; baseline 0.001 -23"><span class='ocrx_word' id='word_1_230' title='bbox 316 2663 590 2744; x_wconf 83' lang='grc' dir='ltr'>γυπτίῃσι</span> <span class='ocrx_word' id='word_1_231' title='bbox 641 2664 734 2724; x_wconf 84' lang='grc' dir='ltr'>καὶ</span> <span class='ocrx_word' id='word_1_232' title='bbox 786 2669 845 2725; x_wconf 82' lang='grc' dir='ltr'>ἐν</span> <span class='ocrx_word' id='word_1_233' title='bbox 881 2664 1120 2744; x_wconf 89' lang='grc' dir='ltr'>Δωδωνῃ</span> <span class='ocrx_word' id='word_1_234' title='bbox 1172 2666 1572 2743; x_wconf 85' lang='grc' dir='ltr'>παραπλήσιαι</span> <span class='ocrx_word' id='word_1_235' title='bbox 1623 2665 1923 2746; x_wconf 76' lang='grc' dir='ltr'>ἀλλήλῃσι</span> 
     </span>
     <span class='ocr_line' id='line_1_31' title="bbox 314 2752 1919 2832; baseline 0.002 -21"><span class='ocrx_word' id='word_1_236' title='bbox 314 2752 661 2832; x_wconf 85' lang='grc' dir='ltr'>τυγχάνουσι</span> <span class='ocrx_word' id='word_1_237' title='bbox 692 2755 902 2813; x_wconf 78' lang='grc' dir='ltr'>ἐοῦσαι·</span> <span class='ocrx_word' id='word_1_238' title='bbox 945 2753 1066 2813; x_wconf 85' lang='grc' dir='ltr'>ἔστι</span> <span class='ocrx_word' id='word_1_239' title='bbox 1098 2752 1160 2813; x_wconf 88' lang='grc' dir='ltr'>δε</span> <span class='ocrx_word' id='word_1_240' title='bbox 1191 2754 1284 2813; x_wconf 81' lang='grc' dir='ltr'>καὶ</span> <span class='ocrx_word' id='word_1_241' title='bbox 1312 2779 1423 2815; x_wconf 89' lang='grc' dir='ltr'>των</span> <span class='ocrx_word' id='word_1_242' title='bbox 1451 2756 1581 2832; x_wconf 77' lang='grc' dir='ltr'>ἱρῶν</span> <span class='ocrx_word' id='word_1_243' title='bbox 1605 2779 1644 2831; x_wconf 90' lang='grc' dir='ltr'>η</span> <span class='ocrx_word' id='word_1_244' title='bbox 1679 2753 1919 2831; x_wconf 76' lang='grc' dir='ltr'>μαντικὴ</span> 
     </span>
     <span class='ocr_line' id='line_1_32' title="bbox 318 2837 1051 2922; baseline 0.003 -25"><span class='ocrx_word' id='word_1_245' title='bbox 318 2837 417 2898; x_wconf 72' lang='grc' dir='ltr'>ἀπ’</span> <span class='ocrx_word' id='word_1_246' title='bbox 442 2839 728 2921; x_wconf 83' lang='grc' dir='ltr'>Αἰγύπτου</span> <span class='ocrx_word' id='word_1_247' title='bbox 753 2840 1051 2922; x_wconf 71' lang='grc' dir='ltr'>ἀπιγμένη.</span> 
     </span>
    </p>

    <p class='ocr_par' dir='ltr' id='par_1_5' title="bbox 223 2928 1921 3358">
     <span class='ocr_line' id='line_1_33' title="bbox 223 2928 1921 3012; baseline 0.005 -25"><span class='ocrx_word' id='word_1_248' title='bbox 223 2928 302 2988; x_wconf 83' lang='grc'>58</span> <span class='ocrx_word' id='word_1_249' title='bbox 402 2928 723 3010; x_wconf 84' lang='grc' dir='ltr'>Πανηγύρις</span> <span class='ocrx_word' id='word_1_250' title='bbox 762 2929 823 2989; x_wconf 85' lang='grc' dir='ltr'>δὲ</span> <span class='ocrx_word' id='word_1_251' title='bbox 860 2928 971 3007; x_wconf 75' lang='grc' dir='ltr'>ἄρα</span> <span class='ocrx_word' id='word_1_252' title='bbox 1010 2928 1103 2989; x_wconf 86' lang='grc' dir='ltr'>καὶ</span> <span class='ocrx_word' id='word_1_253' title='bbox 1142 2928 1373 3007; x_wconf 72' lang='grc' dir='ltr'>πομπάς</span> <span class='ocrx_word' id='word_1_254' title='bbox 1411 2930 1506 2990; x_wconf 81' lang='grc' dir='ltr'>καὶ</span> <span class='ocrx_word' id='word_1_255' title='bbox 1543 2928 1921 3012; x_wconf 68' lang='grc' dir='ltr'>προσαγωγὰς</span> 
     </span>
     <span class='ocr_line' id='line_1_34' title="bbox 316 3015 1918 3097; baseline 0.001 -22"><span class='ocrx_word' id='word_1_256' title='bbox 316 3018 529 3094; x_wconf 72' lang='grc' dir='ltr'>πρῶτοι</span> <span class='ocrx_word' id='word_1_257' title='bbox 580 3015 883 3095; x_wconf 73' lang='grc' dir='ltr'>ἀνθρώπων</span> <span class='ocrx_word' id='word_1_258' title='bbox 927 3016 1232 3097; x_wconf 79' lang='grc' dir='ltr'>Αἰγύπτιοί</span> <span class='ocrx_word' id='word_1_259' title='bbox 1269 3023 1382 3079; x_wconf 84' lang='grc' dir='ltr'>εἶσι</span> <span class='ocrx_word' id='word_1_260' title='bbox 1427 3022 1482 3078; x_wconf 81' lang='grc' dir='ltr'>οἱ</span> <span class='ocrx_word' id='word_1_261' title='bbox 1527 3018 1918 3095; x_wconf 86' lang='grc' dir='ltr'>ποιησάμενοι·</span> 
     </span>
     <span class='ocr_line' id='line_1_35' title="bbox 319 3103 1920 3183; baseline 0.001 -21"><span class='ocrx_word' id='word_1_262' title='bbox 319 3104 412 3163; x_wconf 82' lang='grc' dir='ltr'>καὶ</span> <span class='ocrx_word' id='word_1_263' title='bbox 437 3105 589 3183; x_wconf 76' lang='grc' dir='ltr'>παραὶ</span> <span class='ocrx_word' id='word_1_264' title='bbox 618 3103 825 3166; x_wconf 87' lang='grc' dir='ltr'>τούτων</span> <span class='ocrx_word' id='word_1_265' title='bbox 847 3103 1128 3180; x_wconf 85' lang='grc' dir='ltr'>Ἕλληνες</span> <span class='ocrx_word' id='word_1_266' title='bbox 1158 3104 1542 3182; x_wconf 84' lang='grc' dir='ltr'>μεμαθήκασι.</span> <span class='ocrx_word' id='word_1_267' title='bbox 1619 3104 1920 3180; x_wconf 82' lang='grc' dir='ltr'>τεκμήριον</span> 
     </span>
     <span class='ocr_line' id='line_1_36' title="bbox 318 3189 1919 3273; baseline -0.001 -24"><span class='ocrx_word' id='word_1_268' title='bbox 318 3189 383 3251; x_wconf 77' lang='grc' dir='ltr'>δέ</span> <span class='ocrx_word' id='word_1_269' title='bbox 404 3216 505 3269; x_wconf 89' lang='grc' dir='ltr'>μοι</span> <span class='ocrx_word' id='word_1_270' title='bbox 528 3191 729 3253; x_wconf 88' lang='grc' dir='ltr'>τούτου</span> <span class='ocrx_word' id='word_1_271' title='bbox 754 3190 902 3253; x_wconf 84' lang='grc' dir='ltr'>τόδε·</span> <span class='ocrx_word' id='word_1_272' title='bbox 944 3194 1003 3250; x_wconf 81' lang='grc' dir='ltr'>αἶ</span> <span class='ocrx_word' id='word_1_273' title='bbox 1028 3194 1133 3268; x_wconf 78' lang='grc' dir='ltr'>μὲν</span> <span class='ocrx_word' id='word_1_274' title='bbox 1157 3192 1269 3273; x_wconf 83' lang='grc' dir='ltr'>γοῖρ</span> <span class='ocrx_word' id='word_1_275' title='bbox 1293 3192 1587 3269; x_wconf 83' lang='grc' dir='ltr'>φαίνονται</span> <span class='ocrx_word' id='word_1_276' title='bbox 1610 3196 1670 3250; x_wconf 79' lang='grc' dir='ltr'>ἐκ</span> <span class='ocrx_word' id='word_1_277' title='bbox 1693 3192 1919 3250; x_wconf 75' lang='grc' dir='ltr'>πολλοῦ</span> 
     </span>
     <span class='ocr_line' id='line_1_37' title="bbox 317 3274 1918 3358; baseline -0.002 -21"><span class='ocrx_word' id='word_1_278' title='bbox 317 3300 415 3337; x_wconf 84' lang='grc' dir='ltr'>τευ</span> <span class='ocrx_word' id='word_1_279' title='bbox 464 3280 671 3358; x_wconf 86' lang='grc' dir='ltr'>χρόνου</span> <span class='ocrx_word' id='word_1_280' title='bbox 722 3278 1059 3356; x_wconf 84' lang='grc' dir='ltr'>ποιεύμεναι,</span> <span class='ocrx_word' id='word_1_281' title='bbox 1112 3282 1176 3339; x_wconf 78' lang='grc' dir='ltr'>αἶ</span> <span class='ocrx_word' id='word_1_282' title='bbox 1227 3279 1290 3339; x_wconf 80' lang='grc' dir='ltr'>δὲ</span> <span class='ocrx_word' id='word_1_283' title='bbox 1332 3278 1666 3353; x_wconf 82' lang='grc' dir='ltr'>Ἑλληνικαὶ</span> <span class='ocrx_word' id='word_1_284' title='bbox 1717 3274 1918 3335; x_wconf 83' lang='grc' dir='ltr'>νεωστὶ</span> 
     </span>
    </p>
   </div>
  </div>
 </body>
</html>
