2267 3517
386 107 605 174 63—-68J
962 106 1416 159 MEAIIOMENH.
1885 107 1984 157 305

384 187 599 247 πολλοὶ
633 185 693 246 δὲ
724 185 817 264 καὶ
856 185 1025 250 ὅλους
1056 185 1258 264 ἄνδρας
1289 187 1625 264 ἐκδείραντες
1666 185 1758 245 καὶ
1785 185 1982 246 διατεί·

386 299 575 339 ναντες
616 275 706 334 ἐπὶ
746 275 943 347 ξύλων,
988 274 1073 334 ἐπ’
1116 275 1300 335 ἵππων
1337 274 1726 352 περιφέρουσι.
1806 277 1985 333 ταῦτα

384 364 490 439 μὲν
510 362 577 438 δή
599 361 739 422 οὕτω
759 368 874 438 σφι
898 362 1238 438 νενόμισται.
1293 361 1478 426 Aia-<is
1504 363 1564 422 δὲ
1589 363 1688 425 τοὶς
1716 362 1982 438 κεφαλαῖς,
2002 364 2076 422 65

386 448 454 509 οὔ
504 475 563 510 τι
613 449 833 510 πάντων
884 449 1041 509 οἶλλοὶ
1080 453 1192 510 τῶν
1239 451 1529 530 ἐχθίστων,
1572 453 1796 509 ποιεῦσι
1834 448 1984 509 τάδε·

386 536 709 616 ἀποπρίσας
761 538 997 602 ἕκαστος
1049 542 1165 598 πᾶν
1213 537 1280 598 τό
1336 539 1519 616 ἔνερθε
1575 542 1686 598 τῶν
1744 536 1985 615 ὀφρύων,

388 626 721 704 ἐκκαθαίρει·
764 626 858 685 καὶ
888 624 965 702 ἢν
996 652 1101 702 μεν
1140 625 1180 706 ᾗ
1221 626 1405 702 πένης,
1447 626 1481 686 ὅ
1522 626 1581 685 δὲ
1622 624 1887 696 ἔξωθεν’
1845 652 1987 703 ωμο-

385 714 567 790 βοέην
615 713 827 824 μούνην
878 715 1188 793 περιτείνας
1242 713 1385 774 οὕτω
1435 719 1660 794 χρᾶται·
1711 712 1782 790 ἢν
1834 713 1894 772 δὲ
1945 712 1984 792 ᾗ

387 801 682 874 πλούσιος,
719 801 824 877 τήν
855 805 959 879 μὲν
1002 800 1301 878 ωμοβοέην
1333 803 1641 880 περιτείνει,
1681 802 1887 862 ἔσωθεν
1928 802 1988 862 δὲ

388 889 820 970 περιχρυσῶσας
874 889 1015 950 οὕτω
1069 895 1274 969 χρᾶται
1325 891 1589 969 ποτηρίῳ·
1657 893 1881 951 ποιεῦσι
1928 890 1988 949 δὲ

387 983 555 1038 τοῦτο
584 980 675 1038 καὶ
704 984 765 1038 ἐκ
790 982 901 1039 τῶν
928 978 1164 1054 οἰκηΐων,
1183 977 1255 1054 ἥν
1280 985 1392 1054 σφι
1419 977 1681 1056 διάφοροι
1705 977 1988 1058 γένωνται,

391 1067 485 1126 καὶ
519 1066 590 1143 ἦν
625 1066 972 1146 ἐπικρατήσῃ
1006 1065 1174 1126 αὐτοῦ
1215 1065 1369 1144 παρὰ
1393 1071 1470 1145 τῷ
1503 1065 1762 1142 βασιλέϊ·
1803 1065 1992 1134 ξείνων

392 1152 457 1212 δέ
482 1158 535 1214 οἱ
561 1154 839 1215 ἐλθόντων
862 1158 971 1215 τῶν
996 1153 1065 1214 ἂν
1100 1153 1278 1236 λόγον
1311 1155 1583 1230 ποιέηται,
1609 1153 1711 1217 τοὶς
1738 1153 1991 1227 κεφαλᾶς

391 1241 597 1305 ταύτας
621 1242 952 1320 παραφέρει,
982 1242 1073 1301 καὶ
1106 1242 1354 1323 ἐπιλέγει
1381 1241 1450 1305 ὥς
1490 1244 1545 1302 οἱ
1580 1240 1760 1304 ἐόντες
1793 1240 1992 1317 οἶκήῖοι

392 1327 649 1406 πόλεμον
690 1328 1118 1406 προσεθήκαντο
1163 1330 1260 1388 καί
1308 1335 1504 1406 σφεων
1556 1328 1724 1393 αύτὸς
1765 1328 1991 1407 ἐπεκρά-

390 1440 553 1492 τησε·
590 1415 797 1492 ταύτην
823 1416 1200 1498 ἀνδραγαθίην
1239 1418 1520 1498 λέγοντες.
1590 1415 1786 1488 Ἀπαξ
1809 1417 1869 1476 δὲ
1892 1421 1992 1476 τοῦ
2008 1419 2084 1478 66

394 1508 643 1566 ἐνιαυτοῦ
670 1505 911 1566 ἑκάστου
946 1505 977 1564 ὁ
1012 1504 1298 1585 νομάρχης
1331 1505 1565 1570 ἕκαστος
1595 1509 1654 1566 ἐν
1676 1508 1754 1584 τῷ
1791 1508 1993 1564 ἑωυτοῦ

393 1597 545 1672 νομῷ
576 1597 735 1673 κιρνᾷ
767 1596 1017 1670 κρητῆρα
1044 1592 1212 1663 οἴνου,
1239 1591 1334 1652 ἀπ’
1361 1592 1428 1653 οὗ
1455 1595 1682 1654 πίνουσι
1715 1597 1826 1654 τῶν
1855 1593 1994 1657 Σκυ-

394 1681 534 1742 θέων
584 1681 743 1746 ὅσοις
781 1680 851 1742 ἂν
890 1679 1083 1759 ἄνδρες
1120 1681 1388 1758 πολέμιοι
1435 1681 1793 1760 ἀραιρημένοι
1841 1683 1992 1740 ἔωσι·

392 1773 547 1830 τοῖσι
572 1767 686 1832 δ’*
652 1796 722 1832 αν
755 1771 837 1847 μή
877 1770 1330 1850 κατεργασμένον
1355 1767 1393 1848 ᾗ
1419 1773 1603 1839 τοῦτο,
1633 1769 1698 1829 ού
1737 1769 1994 1851 γεύονται

392 1862 495 1918 τοῦ
548 1883 699 1918 οινου
747 1856 966 1928 τούτου,
1021 1856 1154 1916 ἀλλ’
1204 1855 1542 1934 ἠτιμωμένοι
1592 1855 1988 1917 ἀποκατέαται·

396 1943 603 2008 ὄνειδος
655 1945 720 2004 δέ
759 1946 877 2021 σφί
918 1950 1043 2006 ἐστι
1088 1946 1362 2026 μέγιστον
1405 1947 1594 2004 τοῦτο·
1651 1943 1779 2004 ὅσοι
1823 1945 1882 2004 δὲ
1927 1970 1995 2004 αν

397 2030 577 2091 αύτῶν
605 2033 699 2092 καὶ
726 2030 901 2110 κάρτα
926 2033 1182 2096 πολλοῦς
1219 2031 1420 2109 ἄνδρας
1453 2030 1810 2108 ἀναιρηκότες
1845 2033 1994 2102 ἔωσι,

399 2115 556 2179 οὗτοι
582 2120 641 2179 δὲ
666 2119 871 2182 σύνδυο
900 2119 1127 2184 κύλικας
1155 2122 1389 2200 ἔχοντες,
1417 2120 1646 2179 πίνουσι
1670 2119 1833 2196 ὁμοῦ.

381 2271 386 2274 ,
480 2207 723 2272 Μάντιες
754 2207 815 2268 δὲ
851 2208 1105 2274 Σκυθέων
1139 2209 1248 2268 εἶσὶ
1285 2207 1514 2279 πολλοὶ,
1549 2207 1602 2266 οἳ
1635 2205 1996 2284 μαντεύονται
2015 2207 2089 2270 67

411 2298 427 2318 ‘
397 2295 666 2373 ράβδοισι
688 2297 921 2376 ἰτεΐνῃσι
938 2299 1200 2376 πολλῇσι
1217 2293 1338 2356 ὦδε·
1367 2295 1534 2356 ἐπεὰν
1555 2294 1837 2371 φακέλους
1854 2294 1998 2374 ῥάβ-

401 2383 507 2444 δων
525 2385 807 2466 μεγάλους
832 2385 1155 2457 ἐνείκωνται,
1175 2384 1360 2448 θέντες
1378 2384 1560 2463 χαμαὶ
1581 2383 1999 2454 διεξελίσσουσι

402 2471 617 2535 αὐτούς·
645 2473 739 2531 καὶ
763 2473 855 2532 ἐπὶ
879 2473 1016 2549 μίαν
1034 2471 1276 2548 ἑκάστην
1294 2471 1511 2549 ῥάβδον
1530 2470 1784 2542 τιθέντες,
1803 2472 1996 2532 θεσπί-

403 2562 580 2630 ζουσι·
602 2559 719 2638 ἅμα
734 2553 796 2621 τε
812 2561 1071 2642 λέγοντες
1083 2563 1261 2620 ταῦτα
1275 2560 1629 2620 συνειλέουσι
1643 2559 1742 2622 τοῖς
1756 2559 2002 2638 ῥάβδους

402 2647 602 2724 ὀπίσω,
620 2649 711 2708 καὶ
736 2647 889 2712 αὖτις
914 2647 1055 2709 κατὰ
1079 2647 1214 2725 μίαν
1239 2648 1567 2708 συντιθεῖσι·
1599 2646 1738 2724 αὕτη
1763 2647 1868 2725 μέν
1889 2653 2000 2724 σφι

402 2735 441 2810 ἦ
475 2737 713 2814 μαντικὴ
748 2737 998 2814 πατρωΐη
1035 2737 1179 2797 ἐστί·
1223 2739 1278 2796 οἶ
1313 2736 1374 2796 δὲ
1407 2735 1660 2813 Ἐνάρεες
1694 2734 1775 2818 [οἱ
1811 2734 2002 2813 οἷνδρό-

402 2823 585 2908 γυνοι]
608 2825 711 2902 τὴν
734 2824 1073 2903 Ἀφροδίτην
1100 2830 1212 2899 σφι
1237 2824 1474 2905 λέγουσι
1499 2824 1769 2901 μαντικήν
1796 2823 2001 2883 δοῦναι·
2243 2785 2246 2876 b

406 2911 650 2990 φιλύρης
680 2912 755 2976 ὧν
790 2915 975 2990 φλοιῷ
1008 2910 1390 2988 μαντεύονται·
1433 2911 1601 2971 ἐπεοῖν
1625 2909 1730 2986 τήν
1757 2909 2002 2987 φιλύρην

404 3001 573 3080 τρίχα
607 3003 804 3081 σχίσῃ,
842 2999 1153 3060 διαπλέκων
1194 3005 1252 3059 ἐν
1289 3003 1444 3061 τοῖσι
1483 2996 1812 3057 δακτύλοισι
1849 3000 2005 3056 τοῖσι

407 3090 609 3149 ἑωυτοῦ
634 3090 727 3148 καὶ
752 3085 989 3148 διαλύων
1013 3113 1147 3166 χρα·
1183 3085 1391 3147 Ἐπεοῖν
1417 3086 1477 3145 δὲ
1501 3084 1839 3162 βασιλευς“
1806 3111 1837 3144 ο
1867 3086 2004 3148 Σκυ-
2023 3085 2101 3144 68

407 3175 547 3238 θέων
582 3176 749 3259 κάμῃ,
774 3175 1196 3255 μεταπέμπεται
1228 3179 1338 3234 τῶν
1373 3172 1613 3250 μαντίων
1639 3171 1839 3249 ανδρας
1863 3197 2009 3250 τρεις

405 3263 535 3326 τους
570 3263 985 3336 εὖδοκιμέοντας
1019 3262 1294 3339 μάλιστα,
1325 3286 1380 3320 οι
1415 3257 1604 3339 τρόπῳ
1635 3263 1714 3337 τῶ
1746 3261 2010 3338 εἰρημένω
2188 3316 2199 3317 ff
2240 3285 2246 3318 ι
