2267 3517
317 126 415 180 270
935 127 1305 177 ἮΡοΔοΤοτ·
1779 125 1916 192 [111.

223 208 336 268 141
357 232 421 268 τε
463 206 643 284 φόνου
689 208 782 266 καὶ
826 205 1369 285 ἐξανδραποδίσιος.”
1436 210 1627 268 Ταῦτα
1672 207 1922 272 ἀκούσας

317 299 572 372 Δαρεῖος,
588 295 910 354 ἀπέστελλε
937 296 1209 372 στρατίην
1221 321 1283 354 τε
1304 295 1396 354 καὶ
1416 295 1739 376 στρατηγὸν
1753 295 1918 355 Ὀτά-

317 407 414 443 νεα
453 381 665 459 ἀνδρῶν
694 388 806 442 τῶν
837 383 976 442 ἐπτιὶ
1007 383 1325 463 γενόμενον,
1356 381 1738 459 ἐντειλάμενος
1772 382 1921 443 ὅσων

319 468 516 546 ἐδεήθη
545 469 576 529 ὁ
605 471 878 534 Συλοσῶν
903 469 1080 530 ταῦτα’.
1105 473 1162 530 οἱ
1187 471 1397 531 ποιέειν
1424 470 1701 529 ἐπιτελέα.
1756 495 1919 530 κατα-

316 557 430 635 βὰς
471 557 531 617 δὲ
571 558 666 616 ἐπὶ
703 557 808 633 τήν
851 557 1157 618 θάλασσαν
1192 557 1227 618 ὁ
1264 556 1502 634 Ὀτάνης
1540 558 1781 618 ἔστελλε
1817 557 1922 634 τήν

319 643 611 722 στρατιήν.

225 733 340 792 142
421 736 536 808 Τῆς
569 733 629 791 δὲ
669 730 862 810 Σάμου
897 731 1243 810 Μαιάνδριος
1268 732 1301 792 ὅ
1328 731 1675 810 Μαιανδρίου
1713 731 1829 812 εἶχε
1851 737 1921 794 τὰ

319 819 534 898 κράτος,
575 821 941 896 ἐπιτροπαίην
976 821 1132 897 παρὰ
1167 821 1565 898 Πολυκράτεος
1592 819 1794 897 λαβών
1816 821 1921 898 τήν

318 907 517 988 οἷρχήν.
567 913 662 987 ’τῷ
695 907 1021 986 δικαιοτάτῳ
1045 907 1257 985 ἀνδρῶν
1280 908 1613 987 βουλομένῳ
1638 908 1917 988 γενέσθαι,

321 996 420 1056 οὐκ
445 997 744 1078 ἐξεγένετο·
785 995 976 1071 ἐπειδὴ
1003 995 1113 1076 γάρ
1140 998 1195 1054 οἳ
1223 995 1537 1077 ἐξαγγέλθη
1564 995 1596 1055 ὁ
1622 995 1919 1074 Πολυκρά-

285 1077 292 1089 “
321 1111 445 1149 τεος
477 1084 731 1156 θάνατος,
761 1085 940 1143 ἐποίεε
974 1082 1181 1143 τοιάδε·
1223 1087 1415 1160 πρῶτα
1438 1086 1543 1160 μὲν
1569 1083 1707 1147 Διός
1728 1083 1917 1144 Ἐλευ-

320 1173 508 1250 θερίου
560 1172 760 1250 βωμόν
810 1171 1094 1250 ἱδρύσατο,
1151 1172 1243 1230 καὶ
1292 1173 1520 1248 τέμενος
1568 1172 1699 1250 περὶ
1750 1171 1920 1233 αὗτὸν

319 1260 513 1342 οὔρισε
538 1265 707 1321 τοῦτο
732 1260 799 1320 τὸ
827 1265 925 1320 νῦν
951 1265 1010 1320 ἐν
1033 1265 1112 1338 τῷ
1136 1261 1465 1339 προαστηΐῳ
1492 1260 1633 1320 ἐστί·
1659 1259 1815 1336 ’μετὰ
1841 1261 1916 1332 δὲ,

321 1348 393 1412 ὥς
429 1352 483 1409 οἶ
521 1349 838 1424 ἐπεποίητο,
867 1348 1176 1424 ἐκκλησίην
1211 1350 1541 1428 συναγείρας
1565 1346 1787 1409 πάντων
1809 1353 1919 1410 τῶν

321 1435 510 1496 σῖστῶν
544 1436 698 1504 ἔλεξε
738 1435 888 1494 τάδε·
931 1445 968 1470 “
989 1436 1130 1512 ἐμοὶ,
1163 1435 1236 1498 ὥς
1270 1436 1398 1494 ἴστε
1425 1427 1517 1495 καὶ
1540 1435 1712 1513 ὖμεῖς,
1738 1440 1920 1514 σκῆπ·

317 1549 450 1600 τρον
477 1523 568 1582 καὶ
595 1523 821 1598 δύναμις
843 1524 1006 1581 πᾶσα
1030 1521 1069 1597 ἦ
1096 1521 1537 1599 Πολυκράτεος’
1511 1524 1918 1601 επιτέτραπται,

319 1611 417 1670 καί
453 1636 552 1688 μοι
594 1610 829 1698 παρέχει
867 1613 967 1670 νῦν
1006 1609 1187 1687 ὖμέων
1223 1609 1435 1690 ἄρχειν·
1489 1611 1599 1692 ἐγὼ
1638 1612 1699 1672 δὲ
1736 1638 1809 1673 τα
1842 1617 1922 1694 τῷ

313 1699 495 1762 πέλας
535 1694 876 1773 ἐπιπλήσσω
917 1723 1084 1761 αυτος
1123 1697 1266 1757 κατοὶ
1305 1697 1537 1776 δύναμιν
1575 1725 1640 1759 ου
1678 1701 1919 1776 ποιήσω·

319 1782 448 1845 οὔτε
477 1785 588 1867 γάρ
618 1811 718 1861 μοι
753 1784 1128 1862 Πολυκράτης
1168 1784 1373 1862 ἤρεσκε
1400 1786 1683 1858 δεσπόζων
1707 1786 1921 1866 ανδρῶν

319 1873 525 1950 ὁμοίων
580 1877 772 1952 ἑωυτῷ,
829 1872 958 1934 οὔτε
1009 1872 1191 1938 ἄλλος
1240 1872 1401 1937 ὅστις
1449 1879 1681 1934 τοιαῦτα
1724 1876 1917 1936 ποιέει.

319 1961 692 2040 Πολυκράτης
729 1962 834 2039 μέν
871 1987 970 2022 νυν
1010 1961 1290 2039 ἐξέπλησε
1321 1966 1524 2040 μοῖραν
1556 1962 1661 2038 τήν
1698 1966 1919 2024 ἑωυτοῦ·

323 2050 431 2131 ἐγώ
474 2051 535 2110 δὲ
571 2055 628 2114 ἐς
665 2051 846 2129 μέσον
883 2048 990 2126 τήν
1028 2047 1211 2129 ἀρχὴν
1249 2050 1419 2114 τιθεὶς
1459 2050 1749 2128 ἰσονομίην
1788 2051 1922 2129 ὖμῖν

318 2139 695 2221 προαγορεύω.
762 2136 971 2198 τοσάδε
1005 2138 1197 2214 μέντοι
1237 2137 1427 2197 δικαιῶ
1464 2138 1633 2219 γέρεα
1672 2144 1921 2219 ἐμεωυτῷ

319 2228 603 2308 γενέσθαι·
660 2231 720 2286 ἐκ
762 2226 867 2302 μέν
910 2249 980 2306 γε
1020 2229 1132 2286 τῶν
1180 2225 1577 2304 Πολυκράτεος
1620 2227 1921 2306 χρημάτων

320 2314 573 2390 ἐξαίρετα
599 2313 663 2384 ἐξ
685 2313 936 2375 τάλαντά
960 2339 1061 2391 μοι
1084 2313 1368 2394 γενέσθαι·
1412 2313 1687 2390 ἱρωσύνην
1702 2315 1762 2375 δὲ
1780 2317 1921 2395 πρὸς

318 2401 572 2462 τούτοισι
607 2405 866 2479 αἱρεῦμαι
905 2400 1054 2479 αὐτῷ
1083 2400 1132 2461 τ’
1167 2401 1292 2478 ἐμοὶ
1333 2401 1425 2460 καὶ
1464 2405 1619 2462 τοῖσι
1656 2402 1753 2463 ἀπ’
1789 2408 1921 2481 ἐμεῦ

321 2490 428 2549 αἰεὶ
466 2489 829 2570 γινομένοισι,
871 2491 971 2546 τοῦ
1005 2486 1145 2551 Διὸς
1172 2491 1275 2548 τοῦ
1309 2487 1684 2566 Ἐλευθερίου·
1724 2496 1803 2572 τῷ
1826 2491 1919 2553 αὖ·

316 2576 414 2639 τός
437 2601 498 2638 τε
527 2575 647 2652 ἶρόν
675 2575 1003 2652 ἱδρυσάμην,
1032 2576 1124 2634 καὶ
1149 2575 1254 2650 τήν
1281 2577 1599 2653 ἐλευθερίην
1618 2577 1750 2656 ὖμῖν
1768 2605 1921 2658 περ-ι-

323 2662 567 2741 τίθημι.”
632 2661 667 2723 ὅ
695 2665 800 2740 μὲν
831 2662 900 2738 δὴ
933 2666 1108 2723 ταῦτα
1144 2667 1301 2722 τοῖσι
1337 2664 1607 2740 Σαμίοισι
1646 2669 1919 2750 ἐπαγγέλῇ

319 2756 470 2813 λετο·
511 2755 622 2812 τῶν
649 2750 712 2810 δέ
734 2776 818 2815 τις
845 2749 1151 2820 ἐξαναστάς
1172 2751 1311 2813 εἶπε·
1352 2763 1389 2788 “
1404 2751 1537 2811 ἀλλ’
1558 2751 1672 2814 οὐδ’
1692 2754 1845 2825 ἄξιος
1871 2755 1927 2818 εἶ

319 2840 396 2899 σύ
432 2865 502 2921 γε
531 2839 716 2916 ἡμέων
747 2838 955 2918 ἅρχειν,
986 2838 1229 2920 γεγονώς
1258 2865 1324 2900 τε
1356 2840 1523 2904 κακᾶς
1550 2842 1643 2901 καὶ
1668 2842 1772 2904 ἐῶν
1796 2843 1921 2904 ὄλε-

323 2928 472 3005 θρος·
514 2927 670 2987 ἀλλὰ
707 2930 934 3004 μᾶλλον
973 2925 1111 2990 ὅκως
1156 2927 1332 3008 λόγον
1377 2927 1573 2992 δώσεις
1610 2933 1721 2990 τῶν
1762 2955 1919 3008 μετε-

229 3016 344 3073 143
361 3015 615 3093 χείρισας
665 3011 1016 3094 χρημάτων.”
1094 3017 1285 3074 Ταῦτα
1338 3014 1473 3084 εἶπε,
1518 3015 1623 3077 ἐὼν
1669 3021 1728 3077 ἐν
1765 3021 1923 3078 τοῖσι

326 3128 556 3163 αστοισι
583 3102 823 3179 δόκιμος,
849 3103 928 3179 τῷ
953 3125 1165 3177 ουνομα
1188 3100 1259 3177 ἦν
1284 3103 1661 3181 Τελέσαρχος·
1702 3105 1921 3166 Μαιάν-

324 3188 452 3264 δρος
481 3191 543 3249 δὲ
573 3189 680 3268 νόω
715 3187 917 3264 λαβων
947 3186 1020 3250 ὥς
1050 3191 1100 3247 εἰ
1127 3187 1365 3266 μετήσει
1395 3189 1499 3264 τὴν
1534 3189 1718 3269 ἀρχὴν
1743 3191 1924 3258 αλλος

325 3297 407 3337 ἰς
445 3273 562 3335 ἀντ’
597 3275 768 3335 αὐτοῦ
805 3273 1069 3352 τύραννος
1109 3274 1542 3350 καταστήσεται,
1584 3275 1697 3336 οὐδ’
1738 3279 1819 3339 ἔτι
1860 3283 1927 3341 ἐν

2241 2485 2242 2488 Α
2230 2081 2243 2430 ᾼᾉᾼ-,ᾠ
2240 1881 2242 2068 —uu
2241 1811 2242 1866 „⁴„4M
2241 1777 2242 1794 „„
2241 1731 2242 1754 „„
2241 1693 2242 1702 μ
2241 1649 2242 1664 Η
2241 1625 2242 1630 Α
