2267 3517
317 145 383 198 72
938 142 1307 194 ἭΡοΔοτοί·
1524 146 1533 153 ·
1600 144 1611 155 ·
1766 164 1769 167 ·
1844 142 1919 207 [1.

317 228 420 283 τοῦ
462 228 567 301 μὲν
613 223 849 300 ούρανοῦ
891 224 985 283 καὶ
1023 227 1134 282 τῶν
1176 221 1357 298 ώρέων
1410 228 1468 282 ἐν
1511 226 1589 301 τῷ
1634 222 1926 301 καλλίστῳ

322 310 624 391 ἐτύγχανον
649 309 1006 388 ἱδρυσάμενοι
1031 310 1237 373 πόλιας
1261 308 1482 369 πάντων
1501 307 1803 387 ἀνθρώπων
1816 315 1927 369 τῶν

321 397 482 474 ἦμεῖς
526 400 700 475 ἴδμεν.
771 397 896 457 οὔτε
935 397 1045 478 γὰρ
1085 397 1159 457 τὰ
1194 396 1305 457 ἅνω
1338 396 1507 471 αὐτῆς
1539 396 1719 475 χωρία
1751 396 1926 458 τῶυτό

321 486 498 545 ποιέει
520 491 593 565 τῇ
623 486 818 565 Ἰωνίῃ,
846 485 973 545 οὔτε
996 484 1069 544 τὰ
1095 484 1256 554 κάτω,
1286 483 1413 544 οὔτε
1437 483 1509 543 τοὶ
1534 483 1675 562 πρὸς
1698 483 1802 559 τὴν
1824 484 1926 561 η’ὢ,

325 571 450 633 οὔτε
483 573 554 633 τοὶ
586 574 727 651 πρὸς
761 574 866 648 τὴν
903 573 1164 651 ἑσπέρην·
1198 571 1279 631 τοὶ
1310 573 1413 648 μὲν
1437 570 1547 631 ὖπό
1579 576 1681 632 τοῦ
1708 578 1927 651 ψυχροῦ

324 685 387 720 τε
413 661 503 721 καὶ
527 660 700 743 ὑγροῦ
727 660 1040 738 πιεζόμενα,
1065 659 1139 720 τὰ
1166 661 1225 719 δὲ
1249 659 1358 719 &vd
1385 663 1485 719 τοῦ
1514 660 1722 735 θερμοῦ
1746 684 1810 719 τε
1836 661 1928 720 καὶ

327 748 664 827 αὐχμώδεος.
730 753 1008 831 γλῶσσαν
1050 748 1108 807 δὲ
1151 747 1216 808 οὗ
1255 746 1359 823 τὴν
1397 745 1570 822 αὐτὴν
1595 744 1749 806 οὗτοι
1780 772 1929 807 νενο-

324 838 542 913 μίκασι,
559 838 716 897 ἀλλὰ
738 837 979 915 τρόπους
1003 837 1280 911 τέσσερας
1305 835 1697 917 παραγωγέων.
1738 836 1928 913 Μίλη-

325 950 422 987 τος
444 929 548 1001 μὲν
575 925 752 986 αὐτῶν
772 924 964 1002 πρώτη
983 924 1164 983 κέεται
1189 922 1355 985 πόλις
1378 922 1519 1000 πρός
1541 923 1927 1000 μεσαμβρίην·

327 1013 468 1089 μετὰ
495 1014 570 1086 δὲ,
597 1014 791 1077 Μυούς
815 1039 878 1073 τε
904 1014 996 1073 καὶ
1023 1010 1268 1089 Πριήνη·
1311 1006 1476 1071 αὗται
1499 1012 1603 1087 μὲν
1630 1015 1688 1071 ἐν
1711 1014 1784 1089 τῇ
1812 1018 1929 1071 Κα-

326 1102 421 1180 ρίῃ
460 1103 815 1178 κατοίκηνται
849 1100 990 1161 κατὰ
1014 1099 1192 1160 ταύτοῖΙ
1218 1098 1616 1179 διαλεγόμεναί
1636 1104 1767 1175 σφι·
1809 1099 1930 1159 αἵδε

329 1188 389 1247 δὲ
423 1194 480 1249 ἐν
504 1194 576 1268 τῇ
607 1189 802 1267 Λυδίῃ,
826 1188 1099 1265 Ἔφεσος,
1128 1186 1435 1263 Κολοφῶν,
1463 1187 1730 1263 Λέβεδος,
1765 1188 1928 1257 Τέως,

330 1278 707 1353 Κλαζομεναὶ,
745 1276 989 1335 Φώκαια·
1032 1274 1196 1336 αὗται
1242 1276 1301 1335 δὲ
1332 1278 1391 1333 αἱ
1416 1275 1611 1337 πόλιες
1635 1279 1772 1354 τῇσι
1795 1276 1930 1353 πρό-

327 1389 489 1439 τερον
515 1366 850 1444 λεχθείσῃσι
874 1364 1254 1444 ὁμολογέουσι
1281 1362 1421 1424 κατὰ
1452 1367 1729 1442 γλῶσσαν
1754 1362 1927 1437 οὐδὲν,

329 1452 442 1525 σφὶ
474 1451 534 1510 δὲ
573 1451 985 1528 ὁμοφωνέουσι·
1029 1454 1109 1511 ἔτι
1143 1451 1203 1511 δὲ
1232 1454 1380 1528 τρεῖς
1417 1450 1724 1511 ὖπόλοιποι
1760 1450 1933 1514 Ἰάδες

329 1538 539 1609 πόλιες,
564 1543 675 1599 τῶν
700 1542 760 1597 αἱ
784 1538 884 1599 δύο
908 1543 1012 1616 μὲν
1036 1538 1245 1614 νήσους
1272 1539 1514 1599 οἰκέαται
1540 1537 1733 1615 Σάμον
1748 1563 1813 1600 τε
1838 1540 1932 1599 καὶ

330 1628 488 1698 Χίον,
504 1626 542 1701 ἦ
569 1626 628 1686 δὲ
651 1628 756 1704 μία
783 1632 839 1687 ἐν
862 1632 934 1707 τῇ
959 1627 1169 1706 ἠπείρῳ
1198 1626 1426 1703 ἵδρυται,
1452 1625 1737 1703 Ἐρυθραί.
1798 1631 1933 1688 Χῖοι

329 1716 434 1791 μέν
459 1740 554 1775 νυν
583 1716 676 1774 καὶ
708 1714 1028 1792 Ἐρυθραῖοι
1061 1714 1203 1775 κατὰ
1224 1714 1402 1774 τῶυτό
1428 1714 1795 1796 διαλέγονται,
1824 1716 1931 1779 Σά-

330 1828 451 1879 μιοι
475 1803 535 1862 δὲ
560 1802 645 1862 ἐπ’
673 1805 881 1863 ἑωυτῶν
906 1808 1123 1880 μοῦνοι.
1195 1800 1349 1862 οὗτοι
1372 1807 1720 1880 χαρακτῆρες
1743 1803 1933 1885 γλώσ-

241 1891 353 1950 143
373 1917 479 1967 σης
508 1892 773 1969 τέσσερες
807 1894 1073 1973 γίνονται.
1142 1891 1365 1951 Τούτων
1398 1890 1466 1965 δή
1499 1890 1574 1951 ὧν
1604 1895 1713 1951 τῶν
1737 1890 1933 1953 Ἰώνων

284 2027 295 2036 .
332 1983 388 2039 οἱ
421 1980 704 2056 Μιλήσιοι
737 1983 840 2057 μὲν
870 1978 1018 2055 ἦσαν
1052 1985 1110 2040 ἐν
1142 1981 1327 2059 σκέπῃ
1364 1984 1467 2038 τοῦ
1507 1977 1715 2055 φόβου,
1747 1978 1933 2057 ὅρκιον

331 2067 720 2145 ποιησάμενοι.
786 2073 940 2129 τοῖσι
980 2067 1042 2127 δὲ
1081 2067 1262 2130 αὐτῶν
1302 2065 1611 2145 νησιώτῃσι
1650 2064 1721 2142 ἦν
1754 2067 1933 2129 δεινὰν

333 2148 508 2209 οὐδέν·
550 2149 675 2210 οὔτε
698 2148 808 2231 γὰρ
834 2151 1081 2213 Φοίνικες
1105 2150 1256 2225 ἦσάν
1273 2174 1349 2208 κω
1377 2149 1644 2225 Περσέων
1670 2147 1933 2225 κατήκοοι

333 2235 459 2295 οὔτε
483 2237 640 2297 αὐτοὶ
665 2241 720 2311 οἱ
746 2240 972 2315 Πέρσαι
996 2237 1294 2315 ναυβάται.

412 2322 882 2402 Ἀπεσχίσθησαν
922 2325 982 2384 δὲ
1021 2324 1134 2385 οἷπό
1175 2329 1286 2384 τῶν
1325 2322 1516 2384 ἄλλων
1551 2322 1747 2384 Ἰώνων
1780 2321 1935 2385 οὗτοι

337 2409 452 2469 κατ’
479 2410 628 2469 ἄλλο
662 2413 766 2487 μὲν
794 2411 967 2481 οὐδὲν,
997 2410 1262 2475 ἀσθενέος
1297 2412 1357 2471 δὲ
1394 2411 1579 2475 ἐόντος
1603 2417 1704 2471 τοῦ
1727 2412 1935 2475 παντὸς

332 2496 461 2556 τότε
499 2497 834 2574 Ἑλληνικοῦ
867 2500 1073 2579 γένεος,
1099 2503 1299 2577 πολλῷ
1334 2499 1395 2558 δὲ
1424 2498 1495 2574 ἦν
1520 2498 1935 2561 ἀσθενέστατον

333 2589 442 2645 τῶν
470 2586 667 2647 ε’θνέων
689 2585 756 2645 τό
781 2583 1025 2646 Ἰωνικόν
1042 2587 1137 2646 καὶ
1164 2585 1341 2667 λόγου
1369 2586 1692 2663 ἐλαχίστου·
1719 2587 1805 2647 ὅτι
1825 2588 1935 2671 γσῖρ

333 2671 415 2748 μὴ
439 2672 689 2750 Ἀθῆναι,
714 2672 785 2749 ἦν
810 2672 968 2733 οῦδὲν
992 2673 1142 2733 ἄλλο
1166 2673 1429 2751 πόλισμα
1453 2673 1711 2755 λόγιμον·
1754 2678 1807 2734 οἱ
1830 2678 1936 2753 μέν

335 2784 432 2820 νυν
456 2759 628 2820 ἄλλοι
651 2760 836 2831 Ἴωνες
871 2762 964 2821 καὶ
991 2764 1046 2821 οἱ
1069 2761 1359 2837 Ἀθηναῖοι
1385 2762 1592 2843 ἔφυγον
1615 2761 1682 2822 τό
1708 2761 1933 2841 οὔνομα,

337 2845 404 2907 οὗ
426 2847 772 2926 βουλόμενοι
798 2849 985 2913 Ἴωνες
1010 2851 1341 2925 κεκλῆσθαι·
1383 2849 1539 2909 ἀλλὰ
1565 2850 1657 2909 καὶ
1682 2854 1779 2910 νῦν
1806 2854 1933 2926 φαί-

338 2936 530 2995 νονταί
560 2946 659 3012 μοί
686 2939 740 2995 οἱ
765 2938 978 2998 πολλοὶ
1009 2937 1189 2998 αὐτῶν
1215 2938 1658 3017 ἐπαισχύνεσθαι
1681 2942 1759 3016 τῷ
1783 2938 1937 3001 οὖνό-

335 3048 491 3098 ματι·
543 3027 603 3083 αἱ
643 3024 702 3083 δὲ
738 3024 980 3087 δυώδεκα
1018 3026 1212 3089 πόλιες
1252 3024 1417 3087 αὗται
1454 3031 1531 3104 τῷ
1569 3051 1632 3085 τε
1672 3025 1938 3101 οὐνόματι

337 3109 676 3189 ἠγάλλοντο,
705 3112 798 3171 καὶ
832 3112 950 3190 ἱρόν
979 3112 1276 3191 ἱδρύσαντο
1303 3115 1395 3173 ἐπὶ
1422 3115 1615 3190 σφέων
1642 3112 1835 3181 αὐτῶν,
1861 3114 1939 3190 τῷ

339 3196 552 3276 οὕνομα
592 3201 777 3261 ἔθεντο
819 3200 1150 3260 Πανιώνιον·
1206 3200 1622 3277 ἐβουλεύσαντο
1665 3199 1725 3257 δὲ
1768 3196 1938 3255 αὐτοῦ

341 3288 671 3353 μεταδοῦναι
699 3287 1014 3365 μηδαμοῖσι
1049 3286 1287 3351 ἄλλοισι
1320 3288 1534 3348 Ἰώνων·
1577 3285 1690 3346 οὐδ’
1717 3282 1938 3359 ἐδεήθη-
