2267 3517
297 94 393 142 158
894 91 1266 142 ‘HPOAomooe
1793 89 1892 155 [11.

292 171 565 248 βασιλέα,
600 172 811 247 κλῆρον
843 171 974 231 ἴσον
1014 169 1232 249 ἑκάστῳ
1269 166 1613 250 τετράγωνον
1652 166 1895 231 διδόντα·

293 257 388 318 καὶ
426 256 540 318 άπό
578 256 778 317 τούτου
816 256 916 321 τοὶς
954 257 1271 336 προσόδους
1309 255 1678 333 ποιήσασθαι,
1709 257 1896 318 ἐπιτά-

292 345 465 416 ξαντα
518 343 819 422 άποφορῆν
873 345 1176 406 ἐπιτελέειν
1223 343 1339 405 κατ’
1388 342 1655 405 ἐνιαυτόν.
1740 348 1791 405 εἰ
1836 345 1900 407 δέ

290 458 439 495 τινος
462 436 563 493 τοῦ
591 431 803 510 κλήρου
833 432 868 493 ὅ
902 432 1156 511 ποταμός
1181 458 1238 494 τι
1271 431 1595 509 παρέλοιτο,
1624 430 1804 493 ἐλθών
1829 431 1897 495 ἂν

290 520 433 599 πρὸς
464 518 632 580 αὖτόν
670 518 937 597 ἐσήμαινε
970 520 1037 581 τό
1072 520 1462 602 γεγενημένον·
1516 518 1552 580 ὅ
1587 519 1648 579 δὲ
1681 520 1896 597 ἔπεμπε

290 607 419 694 τούς
446 608 918 687 ἐπισκεψομένους
944 608 1037 667 καὶ
1062 606 1554 686 ἀναμετρήσοντας
1580 605 1698 687 ὅσῳ
1723 606 1894 669 ἐλάσ-

291 721 408 756 σων
440 694 473 755 ὅ
506 698 689 774 χῶρος
727 694 941 777 γέγονε,
971 693 1109 759 ὅκως
1147 699 1249 756 τοῦ
1287 697 1496 755 λοιποῦ
1535 694 1678 754 κατὰ
1716 694 1896 777 λόγον

288 788 391 859 τῆς
443 781 781 864 τεταγμένης
834 782 1131 860 ἀποφορῆς
1181 783 1385 843 τελέοι.
1468 782 1646 841 δοκέει
1689 781 1754 843 δέ
1795 809 1894 860 μοι

293 872 541 932 ἐνθεῦτεν
567 871 873 952 γεωμετρίη
902 870 1208 949 εὖρεθεῖσα,
1239 874 1293 934 ἐς
1317 868 1424 946 τήν
1450 868 1706 929 Ἑλλάδα
1732 874 1894 933 ἐπαν-

291 959 497 1020 ελθεῖν.
577 957 761 1018 πόλον
798 960 905 1035 μὲν
941 956 1055 1040 γάρ
1097 958 1190 1017 καὶ
1227 957 1506 1039 γνώμονα,
1536 958 1628 1017 καὶ
1658 956 1731 1019 τὰ
1761 958 1900 1019 δυώ-

290 1046 423 1107 δεκα
461 1046 635 1124 μέρεα
670 1050 769 1123 τῆς
805 1046 1030 1125 ἡμέρης,
1063 1044 1218 1124 παρὰ
1262 1045 1644 1121 Βαβυλωνίων
1685 1046 1895 1123 ἔμαθον

199 1136 313 1195 110
333 1138 386 1195 οἱ
404 1132 702 1211 Ἕλληνες.
770 1133 1056 1199 Βασιλεῦς
1078 1138 1186 1211 μὲν
1212 1132 1280 1211 δὴ
1309 1132 1472 1197 οὗτος
1495 1136 1701 1211 μοῦνος
1727 1133 1892 1217 Αἰγύ-

288 1249 449 1286 πτιος
480 1222 776 1299 Αἰθιοπίης
806 1221 959 1299 ἦρξε.
1039 1221 1376 1300 μνημόσυνα
1415 1222 1477 1281 δὲ
1517 1220 1743 1282 ἐλίπετο
1781 1224 1894 1301 πρὸ

288 1315 389 1371 τοῦ
412 1310 790 1387 Ἡφαιστείου
827 1308 1154 1386 ἀνδριάντας
1191 1310 1455 1380 λιθίνους,
1487 1308 1588 1369 δύο
1614 1311 1728 1386 μὲν.
1743 1310 1894 1388 τριή-

291 1423 461 1457 κοντα
494 1396 736 1476 πήχεων,
774 1395 975 1457 ἑωυτόν
1007 1422 1071 1457 τε
1111 1397 1207 1457 καὶ
1244 1396 1350 1473 τήν
1387 1400 1638 1479 γυναῖκα,
1674 1396 1804 1461 τούς
1835 1397 1894 1458 δὲ

288 1485 493 1549 παῖδας
545 1484 735 1549 ἐόντας
784 1485 1077 1563 τέσσερας,
1128 1485 1308 1545 εἴκοσι
1361 1484 1584 1565 πήχεων
1637 1484 1892 1547 ἕκαστον.

288 1576 400 1634 τῶν
448 1569 515 1650 δή
570 1571 603 1632 ὅ
652 1573 798 1650 ἱρεύς
848 1577 948 1634 τοῦ
990 1573 1317 1651 Ἡφαίστου
1365 1572 1551 1653 χρόνῳ
1600 1574 1896 1650 μετέπειτα

289 1663 491 1739 πολλῷ
545 1664 785 1739 Δαρεῖον
822 1660 923 1722 τόν
962 1662 1198 1739 Πέρσην
1252 1659 1316 1721 οὗ
1369 1661 1607 1739 περιεῖδε
1661 1660 1896 1723 ἱστάντα

291 1749 611 1826 ἔμπροσθεν
636 1746 949 1827 ἀνδριάντα,
988 1748 1102 1825 φοὶς
1143 1748 1252 1809 “05
1289 1752 1344 1809 οἱ
1377 1749 1725 1825 πεποιῆσθαι
1760 1750 1896 1830 ἔργα

291 1835 385 1898 οἶά
408 1862 514 1914 περ
543 1835 835 1916 Σεσώστρι
860 1842 937 1917 τῷ
963 1836 1270 1918 Αἰγυπτίῳ.
1313 1837 1638 1915 Σέσωστριν
1654 1838 1759 1914 μὲν
1783 1838 1897 1918 γάρ

291 1923 447 1985 ἅλλα
472 1950 534 1985 τε
561 1925 1061 2005 καταστρέψασθαι
1088 1925 1248 1985 ἔθνεα
1283 1923 1383 1985 οὐκ
1409 1923 1642 1984 ἐλάσσω
1669 1924 1892 1996 ἐκείνου,

292 2013 387 2072 καὶ
439 2012 506 2090 δή
563 2013 656 2073 καὶ
710 2012 946 2079 Σκύθας·
1028 2016 1270 2091 Δαρεῖον
1324 2012 1383 2071 δὲ
1435 2010 1501 2072 οὗ
1555 2011 1896 2088 δυνασθῆναι

293 2099 510 2166 Σκύθας
536 2104 702 2161 ἑλεῖν.
746 2099 919 2161 οὔκων
946 2101 1158 2161 δίκαιον
1187 2100 1327 2161 εἶναι
1359 2098 1584 2160 ἱστάναι
1609 2100 1895 2175 ἔμπροσθε

290 2191 400 2250 τῶν
440 2189 649 2249 ἐκείνου
688 2186 1073 2265 άναθημάτων,
1113 2187 1197 2265 μή
1245 2185 1345 2247 οὔκ
1389 2185 1896 2265 ὑπερβαλλόμενον

291 2279 446 2335 τοῖσι
499 2274 765 2356 ἔργοισι.”
846 2278 1087 2353 Δαρεῖον
1144 2274 1251 2352 μέν
1312 2300 1410 2336 νυν
1464 2273 1704 2356 λέγουσι
1753 2273 1896 2353 πρός

290 2366 469 2423 ταῦτα
495 2360 831 2443 συγγνώμην
856 2360 1229 2437 ποιήσασθαι·

202 2452 309 2509 111
373 2448 727 2526 Σεσώστριος
758 2449 818 2508 δὲ
850 2447 1309 2524 τελευτήσαντος,
1340 2447 1674 2518 ἐκδέξασθαι
1699 2450 1894 2533 ἔλεγον

292 2535 397 2613 τήν
426 2536 743 2613 βασιληίην
774 2536 875 2598 τόν
910 2536 1087 2597 παῖδα
1117 2535 1287 2598 αὐτοῦ
1319 2540 1526 2615 Φερῶν·
1567 2537 1667 2598 τόν
1693 2538 1892 2599 α’ποδέ-

295 2624 502 2695 ξασθαι
540 2626 646 2701 μὲν
693 2623 953 2702 οὐδεμίαν
1006 2624 1329 2704 στρατηΐην,
1373 2627 1796 2705 συνενειχθῆναι
1834 2626 1894 2686 δὲ

293 2714 349 2771 οἱ
373 2710 595 2789 τυφλὸν
627 2712 891 2794 γενέσθαι
922 2711 1013 2772 διὰ
1050 2711 1265 2773 τοιόνδε
1301 2716 1555 2794 πρῆγμα·
1595 2717 1697 2773 τοῦ
1723 2739 1893 2773 ποτα-

292 2803 404 2877 μοῦ
441 2798 807 2864 κατελθόντος
846 2800 1091 2881 μέγιστα
1130 2800 1198 2876 δὴ
1237 2799 1367 2861 τότε
1408 2799 1493 2860 ἐπ’
1527 2799 1896 2861 ὀκτωκαίδεκα

294 2886 555 2968 πήχεας,ι
586 2886 657 2950 ὥς
721 2886 1043 2965 ὖπερέβαλε
1103 2886 1207 2951 τὰς
1263 2887 1518 2965 άρούρας,
1583 2888 1896 2966 πνεύματος

294 2974 655 3052 ἐμπεσόντος,
706 2976 971 3052 κυματίης
1013 2974 1045 3035 ὅ
1087 2972 1342 3052 ποταμός
1383 2976 1618 3055 ἐγένετο·
1684 2974 1784 3035 τὸν
1836 2976 1896 3034 δὲ

294 3064 551 3139 βασιλέα
600 3062 837 3144 λέγουσι
888 3064 1088 3123 τοῦτον
1145 3062 1469 3142 ἀτασθαλίῃ
1520 3060 1896 3140 χρησάμενον,

212 3184 217 3191 ’
295 3150 559 3229 λαβόντα
604 3150 813 3233 αἰχμήν
857 3150 1090 3227 βαλέειν
1140 3156 1194 3217 ἐς
1237 3153 1421 3229 μέσας
1459 3149 1561 3213 τοὶς
1605 3149 1756 3213 δίνας
1793 3150 1897 3207 τοῦ

295 3243 573 3308 ποταμοῦ·
655 3237 798 3319 μετὰ
850 3238 927 3310 δὲ,
978 3237 1178 3301 αὐτίκα
1239 3236 1488 3319 καμόντα
1550 3233 1719 3296 αὐτᾶν
1758 3238 1894 3298 τούς
