2267 3517
392 111 675 176 193—199]
997 110 1448 162 ΜΕΛΠΟΜΕΝΗ.
1899 111 1992 157 359

392 191 745 273 κυματωγὴν,
786 189 1063 268 ἐσβάντες
1104 195 1161 254 ἐς
1197 187 1271 251 τά
1311 192 1490 250 πλοῖα
1527 188 1728 266 τύφειν
1766 188 1996 249 καπνόν·

391 280 522 343 τούς
540 279 587 340 δ’
610 279 933 359 ἐπιχωρίους
961 279 1244 355 ἰδομένους
1267 277 1369 338 τόν
1389 276 1599 338 καπνόν
1617 278 1754 337 ἱέναι
1780 281 1871 336 ἐπὶ
1896 275 2000 352 τήν

394 366 719 427 θάλασσαν·
774 368 868 425 καὶ
931 368 1121 427 ἔπειτα
1175 365 1299 426 ἀντὶ
1343 368 1456 426 τῶν
1499 365 1744 442 φορτίων
1783 365 2001 444 χρυσὸν

392 455 619 524 τιθέναι,
657 454 751 513 καὶ
782 454 1176 532 ἐξαναχωρέειν
1205 453 1408 530 πρόσω
1442 451 1556 512 ἀπὸ
1593 457 1704 514 τῶν
1736 454 1998 531 φορτίων·

394 542 524 606 τοῦς
555 543 615 602 δὲ
651 542 1070 621 Καρχηδονίους
1098 541 1373 618 ἐκβάντας
1400 541 1769 602 σκέπτεσθαι·
1813 543 1906 601 καὶ
1929 540 1999 618 ἢν
2061 562 2068 568 ·

394 631 499 706 μὲν
552 631 823 706 φαίνηταί
872 635 987 705 σφι
1028 628 1183 700 ἄξιος
1225 627 1258 689 ὅ
1305 628 1521 707 χρυσὸς
1571 633 1684 689 τῶν
1738 630 2001 707 φορτίων,

396 717 735 796 ἀπελόμενοι
754 717 1248 790 ἀπαλλάσσονται,
1273 715 1342 793 ἢν
1363 716 1424 775 δὲ
1441 717 1523 793 μή
1542 716 1709 787 ἄξιος,
1731 717 2006 794 ἐσβάντες

396 804 579 866 ὄπίσω
623 811 677 870 ἐς
718 806 791 866 τοὶ
832 809 1010 866 πλοῖα
1052 806 1333 865 κατέαται·
1391 807 1446 864 οἱ
1488 805 1548 863 δὲ
1595 804 2009 881 προσελθόντες

399 891 580 954 ἄλλον
620 894 761 971 πρὸς
802 894 874 955 ὧν
917 896 1119 971 ἔθηκαν
1159 892 1394 972 χρυσὸν,
1439 897 1492 955 ἐς
1531 889 1598 951 οὗ
1637 889 1708 951 ἂν
1747 894 2002 972 πείθωσι·

400 980 633 1043 ἀδικέειν
660 983 721 1042 δὲ
758 983 1095 1060 οὐδετέρους·
1139 981 1266 1043 οὔτε
1289 981 1402 1062 γὰρ
1433 980 1632 1046 αὐτοὺς
1655 984 1756 1040 τοῦ
1789 985 2008 1061 χρυσοῦ

399 1067 681 1130 ἅπτεσθαι
700 1072 831 1147 πρὶν
858 1069 927 1130 ἄν
954 1076 1067 1146 σφι
1088 1069 1354 1149 ἀπισωθῇ
1369 1072 1441 1148 τῇ
1463 1067 1590 1148 ἀξίῃ
1614 1073 1725 1129 τῶν
1746 1069 2006 1146 φορτίων,

402 1155 515 1216 οὐτ’
538 1159 775 1221 ἐκείνους
793 1162 903 1219 τῶν
923 1159 1172 1236 φορτίων
1193 1157 1472 1218 ἅπτεσθαι
1491 1156 1763 1235 πρότερον
1787 1154 1825 1234 ἢ
1853 1156 2010 1218 αὐτοὶ

400 1243 468 1304 τὸ
491 1247 731 1323 χρυσίον
760 1245 1011 1322 λάβωσι.
1082 1283 1087 1288 -

488 1330 661 1392 Οὗτοι
696 1333 800 1410 μέν
842 1338 954 1392 εἶσι
981 1332 1112 1396 τούς
1145 1333 1306 1410 ἡμεῖς
1341 1334 1542 1411 ἔχομεν
1575 1331 1808 1408 Λιβύων
1845 1329 1966 1392 ὄνο-
1988 1332 2102 1390 197

402 1418 605 1497 μάσαι·
653 1421 747 1481 καὶ
785 1419 994 1480 τοίη-ων
1029 1423 1082 1479 οἱ
1114 1421 1328 1480 πολλοὶ
1358 1420 1638 1497 βασιλέος
1666 1423 1768 1480 τοῦ
1801 1419 2013 1494 Μήδων

406 1506 537 1568 οὔτε
556 1534 613 1568 τι
639 1512 735 1572 νῦν
764 1507 891 1570 οὔτε
914 1508 1043 1569 τότε
1072 1506 1400 1586 ἐφρόντιζον
1427 1507 1604 1568 οὐδέν·
1645 1507 1826 1568 τόσον·
1847 1508 1906 1567 δὲ
1933 1508 2012 1567 ἔτι

406 1596 515 1675 ἔχω
542 1601 715 1658 εἰπεῖν
739 1597 869 1676 περὶ
894 1601 996 1673 τῆς
1020 1595 1206 1676 χώρης
1230 1597 1450 1672 ταύτης,
1471 1595 1560 1656 ὅτι
1584 1597 1833 1673 τέσσερα
1854 1596 2014 1656 ἔθνεα

406 1685 629 1761 νέμεται
656 1685 829 1761 αὐτὴν
856 1684 949 1744 καὶ
974 1684 1038 1745 οὐ
1064 1685 1222 1744 πλέω
1240 1683 1464 1753 τούτων,
1487 1683 1628 1744 ὅσον
1654 1683 1814 1760 ἡμεῖς
1839 1683 2013 1761 ἴδμεν·

408 1773 501 1830 καὶ
526 1771 597 1832 τοὶ
624 1777 730 1849 μὲν
764 1771 865 1832 δύο
892 1771 1209 1850 αὐτόχθονα
1244 1775 1354 1830 τῶν
1382 1771 1595 1840 ἐθνέων,
1621 1771 1694 1831 τοὶ
1721 1771 1780 1830 δὲ
1807 1770 1904 1830 δύο
1933 1770 2017 1831 οὗ.

408 1859 620 1935 Λίβυες
644 1861 747 1935 μὲν
774 1859 866 1917 καὶ
892 1859 1158 1920 Αἰθίοπες
1191 1856 1542 1934 αὐτόχθονες,
1571 1861 1626 1915 οἱ
1649 1859 1754 1933 μὲν
1778 1857 1852 1916 τοὶ
1878 1858 2019 1934 πρὸς

408 1946 595 2021 βορέω
636 1948 690 2004 οἶ
730 1945 791 2004 δὲ
828 1943 900 2004 τά
939 1942 1083 2020 πρός
1120 1942 1287 2005 νότου
1326 1946 1428 2018 τῆς
1467 1942 1688 2018 Λιβύης
1729 1943 2016 2008 οἰκέοντες·

410 2032 659 2104 Φοίνικες
685 2033 745 2090 δὲ
776 2032 869 2096 καὶ
896 2031 1178 2108 ’Έλληνες
1216 2029 1504 2106 ἐπήλυδες.
1569 2031 1768 2090 Δοκέει
1793 2030 1856 2090 δέ
1879 2058 1978 2108 μοι
2000 2037 2113 2094 19·Ἷ’

412 2118 524 2178 οὐδ’
567 2119 768 2198 ἀρετὴν
815 2119 960 2180 εἶναί
996 2145 1081 2183 τις
1126 2119 1166 2195 ἦ
1207 2117 1400 2196 Λιβύη
1446 2118 1741 2194 σπουδαίη,
1789 2118 1937 2180 ὥστε
1983 2119 2020 2198 ἢ

410 2201 580 2288 Ἀσίῃ
606 2205 643 2284 ἢ
668 2208 911 2287 Εὐρώπῃ
944 2209 1406 2286 παραβληθῆναι,
1433 2207 1589 2283 πλὴν
1615 2208 1863 2272 Κίνυπος
1887 2209 2022 2284 μού-

412 2321 526 2372 νης·
566 2295 634 2356 τὸ
667 2297 779 2377 γὰρ
812 2296 879 2373 δὴ
912 2295 1049 2368 αὐτὰ
1088 2295 1302 2374 οὔνομα
1326 2294 1364 2371 ἦ
1390 2298 1467 2376 γῆ
1493 2299 1570 2374 τῷ
1609 2300 1847 2375 ποταμῷ
1882 2298 2017 2376 ἔχει·

414 2383 554 2460 αὕτη
571 2432 576 2438 .
596 2385 656 2444 δὲ
695 2384 863 2462 ὁμοίη
913 2389 986 2464 τῇ
1028 2385 1237 2463 ἀρίστῃ
1275 2387 1418 2465 γεῶν
1463 2383 1763 2462 Δήμητρος
1810 2385 2024 2463 καρπὸν

416 2473 687 2551 ἐκφέρειν,
714 2472 838 2532 οὐδὲ
859 2473 977 2538 οἶκε
998 2472 1158 2548 οὐδὲν
1174 2476 1248 2552 τῇ
1267 2470 1420 2551 ἄλλῃ
1441 2472 1652 2552 Λιβύῃ·
1679 2471 2026 2554 μελάγγαιός

414 2585 477 2621 τε
515 2559 625 2642 γάρ
666 2565 805 2634 ἐστι,
850 2561 957 2620 καὶ
982 2561 1214 2638 ἔπυδρος
1245 2560 1455 2630 πίδαξι·
1513 2561 1606 2619 καὶ
1638 2559 1765 2620 οὔτε
1799 2556 2022 2640 αὐχμοῦ

418 2649 799 2727 φροντίζουσα
832 2647 1006 2724 οὐδὲν,
1036 2647 1166 2716 οὔτε
1198 2646 1422 2725 ὄμβρον
1451 2649 1606 2707 πλέω
1632 2651 1848 2708 πιοῦσα
1872 2647 2026 2724 δεδή-

418 2740 607 2813 ληται·
664 2735 818 2796 ὕεται
860 2735 977 2818 γὰρ,
1020 2735 1088 2812 δή
1136 2741 1312 2797 ταῦτα
1355 2740 1456 2812 τῆς
1500 2735 1744 2812 Λιβύης·
1803 2739 1914 2797 τῶν
1965 2736 2026 2796 δὲ

421 2824 695 2902 ἐκφορίων
719 2827 820 2883 τοῦ
842 2828 1056 2901 καρποῦ
1081 2823 1259 2884 ταύτὰ
1283 2824 1460 2902 μέτρα
1485 2827 1557 2901 τῇ
1584 2825 1926 2902 Βαβυλωνίῃ
1945 2828 2022 2905 γῇ

421 2913 768 2972 κατίσταται.
866 2911 1051 2993 ἀγαθὴ
1106 2911 1167 2969 δὲ
1217 2915 1295 2991 γῆ
1351 2912 1442 2969 καὶ
1493 2911 1596 2986 τήν
1651 2911 2028 2989 Εὐεσπερῖται

423 3000 699 3076 νέμονται·
770 2999 854 3058 ἐπ’
903 2991 1182 3059 ἑκατοστὰ
1231 2999 1357 3080 γὰρ,
1420 2998 1586 3058 ἐπεάν
1637 2998 1778 3074 αὐτή
1829 3003 2028 3075 ἑωυτῆς

422 3085 630 3165 ἄριστα
679 3089 874 3166 ἐνείκῃ,
930 3088 1172 3165 ἐκφέρει·
1240 3087 1279 3163 ἦ
1334 3087 1394 3146 δὲ
1441 3092 1498 3146 ἐν
1543 3091 1614 3165 τῇ
1663 3087 1886 3157 Κίνυπι,
1939 3089 2030 3149 ἐπὶ

422 3173 738 3252 τριηκόσια.
797 3173 963 3253 ’Ἑχει
995 3175 1054 3234 δὲ
1094 3174 1188 3234 καὶ
1216 3173 1254 3250 ἦ
1291 3174 1578 3252 Κυρηναίη
1613 3173 1786 3254 χώρη,
1817 3177 2122 3236 ἐοῦσα199

424 3261 754 3343 ὑψηλοτάτη
810 3262 1014 3340 ταύτης
1074 3267 1176 3339 Τἢς
1234 3260 1455 3339 Λιβύης
1510 3262 1614 3338 τήν
1662 3266 1715 3323 οἶ
1769 3263 2031 3338 Νομάδες
2103 3319 2178 3342 Δ,
2217 3307 2220 3342 t
