2267 3517
343 131 564 200 ιε’-»52]
1001 135 1274 187 mmm.
1848 139 1949 190 225

343 217 450 294 μὲν
487 213 876 294 πρεσβύτερος
909 215 1092 276 αὐτῶν
1123 221 1182 276 ἐν
1218 215 1398 277 οὐδενὶ
1431 214 1653 298 λόγον’
1620 216 1949 294 εποιήσατο·

346 304 494 364 οδὲ
543 302 805 381 νεώτερος
853 308 932 383 τῷ
983 303 1194 381 οὔνομα
1240 303 1311 380 ἦν
1356 305 1685 382 Λυκόφρων,
1726 304 1951 389 ἥλῃσε

347 390 597 455 ἀκούσας
629 390 769 452 οὕτω
798 390 944 452 ὥστε
977 391 1313 469 ἀπικόμενος
1340 397 1395 456 ἐς
1418 391 1523 468 τὴν
1551 392 1891 470 Κόρινθον”
1854 422 1952 456 ατε

347 480 526 555 φονέα
554 484 658 556 τῆς
689 479 903 558 μητρός
925 478 1026 540 τόν
1050 481 1267 557 πατέρα
1294 477 1420 541 οὗτε
1446 483 1739 558 προσεῖπε,
1768 482 1950 543 διαλε-

344 569 562 649 γομένῳ
600 593 664 628 τε
703 566 832 628 οὔτε
870 567 1309 649 προσδιελέγετο
1348 569 1665 645 ἱστορέοντί
1683 594 1747 629 τε
1774 570 1951 653 λόγον

347 655 542 717 οὐδένα
584 656 783 716 ἐδίδου·
829 656 995 720 τέλος
1034 655 1097 716 δέ
1133 680 1233 732 μιν
1262 657 1393 733 πέρι
1428 657 1584 735 θυμῷ
1622 657 1887 737 ἐχόμενος
1914 658 1949 720 ὅ

348 743 688 821 Περίανδρος
721 743 1002 813 ἐξελαύνει
1041 748 1104 803 ἐκ
1133 746 1246 804 τῶν
1276 745 1480 804 οἰκίων.
1547 743 1861 814 Ἐξελάσας
1887 747 1947 806 δὲ
1963 749 2037 807 51

343 834 560 902 τοῦτον,
603 829 824 908 ἱστόρεε
860 831 960 891 τόν
999 830 1393 908 πρεσβύτερον
1422 830 1497 891 τά
1536 837 1648 907 σφι
1682 833 1715 893 ό
1745 859 1949 912 μητρο-

345 917 538 996 πάτωρ
575 919 857 999 διελέχθη·
899 918 932 979 ὁ
959 917 1023 978 δέ
1058 922 1112 978 οἱ
1144 918 1423 1001 ἀπηγέετο
1456 919 1527 983 ὦς
1562 926 1748 997 σφεας
1782 927 1949 996 φιλο-

347 1007 564 1082 φρόνως
615 1006 860 1076 ἐδέξατο·
928 1007 1139 1066 ἐκείνου
1185 1005 1247 1065 δὲ
1294 1011 1399 1072 τοῦ,
1451 1007 1609 1070 ἔπεος
1649 1007 1719 1068 τό
1760 1015 1873 1086 σφι
1914 1008 1949 1070 ὅ

347 1098 616 1170 Προκλῆς
653 1093 1026 1156 ἀποστέλλων
1058 1093 1195 1167 εἶπε,
1226 1094 1326 1154 ἅτε
1358 1092 1423 1154 οὗ
1454 1093 1563 1174 νόῳ
1602 1095 1817 1171 λαβὼν,
1846 1095 1949 1156 οὔκ

347 1183 641 1258 ἐμέμνητο·
707 1182 1048 1259 Περίανδρος
1100 1181 1163 1241 δὲ
1215 1180 1475 1258 οὐδεμίαν
1526 1182 1786 1261 μηχανὴν
1836 1184 1949 1261 ἔφη

347 1268 488 1328 εἶναι
516 1268 599 1346 μή
638 1268 704 1330 οὕ
739 1275 853 1345 σφι
887 1272 1094 1331 ἐκεῖνον
1129 1267 1447 1330 ὑποθέσθαι
1479 1293 1554 1339 τι,
1591 1269 1856 1347 ἐλιπάρεέ
1883 1296 1948 1331 τε

348 1357 635 1434 ἱστορέων·
677 1355 711 1417 ὅ
737 1357 798 1416 δὲ
823 1356 1200 1434 ἀναμνησθεὶς
1228 1354 1347 1416 εἶπε
1373 1356 1467 1415 καὶ
1491 1358 1677 1417 τοῦτο·
1711 1359 1949 1435 Περίαν-

347 1443 476 1520 δρος
509 1444 570 1504 δὲ
607 1443 714 1524 νόῳ
739 1443 940 1521 λαβών
967 1444 1059 1504 καὶ
1082 1447 1251 1504 τοῦτο
1278 1444 1371 1503 καὶ
1395 1443 1656 1521 μαλακὰν
1682 1445 1950 1507 ἐνδιδόναι

343 1532 696 1610 βουλόμενος
734 1532 908 1603 οὐδὲν,
949 1529 991 1610 ᾗ
1031 1530 1066 1592 ό
1107 1531 1430 1602 ἐξελασθεὶς
1468 1532 1562 1592 ὑπ’
1603 1532 1773 1594 αὐτοῦ
1814 1537 1949 1598 παῖς

345 1619 560 1681 δίαιταν
587 1620 834 1681 ἐποιέετο
861 1625 917 1685 ἐς
941 1618 1173 1683 τούτους
1197 1621 1432 1698 πέμπων
1452 1619 1715 1702 ἄγγελον,
1735 1620 1947 1703 ἀπηγό-

343 1734 470 1785 ρευε
501 1708 584 1787 μή
614 1733 712 1785 μιν
746 1708 1009 1768 δέκεσθαι
1041 1709 1289 1768 οἰκίοισι·
1331 1708 1364 1769 ό
1391 1709 1451 1768 δὲ
1477 1707 1616 1771 ὅκως
1641 1707 1947 1770 ἀπελαυνό-

343 1822 509 1873 μενος
550 1799 707 1857 ἔλθοι
734 1802 790 1861 ἐς
815 1794 1004 1871 ἄλλην
1029 1797 1227 1872 οἰκίην,
1255 1795 1582 1857 α’πελαύνετ’
1609 1794 1679 1856 ἂν
1706 1798 1800 1856 καὶ
1830 1797 1945 1859 οἷπὸ

341 1885 562 1961 ταύτης,
597 1883 981 1964 (ἀπειλέοντός
1010 1909 1074 1944 τε
1101 1887 1205 1944 τοῦ
1244 1883 1591 1961 Περιάνδρου
1613 1888 1768 1944 τοῖσι
1793 1885 1947 1956 δεξα-

343 1974 566 2048 μένοισι
605 1971 698 2030 καὶ
739 1971 982 2052 ἐξέργειν
1018 1971 1387 2052 κελεύοντος,)
1415 1970 1864 2049 ἀπελαυνόμενος
1898 1972 1947 2032 δ’

344 2058 414 2118 ἂν
435 2059 525 2134 ἤϊε
551 2058 636 2118 ἐπ’
665 2060 858 2136 ἑτέρην
881 2062 992 2119 τῶν
1019 2060 1267 2136 ἐταίρων·
1310 2061 1363 2118 οἰ
1388 2059 1450 2119 δὲ
1474 2056 1573 2118 ἅτε
1597 2057 1946 2135 Περιάνδρου

345 2145 510 2207 ἐόντα
534 2145 706 2205 παῖδα
731 2147 930 2222 καίπερ
955 2146 1325 2223 δειμαίνοντες
1350 2145 1499 2224 ὅμως
1518 2145 1789 2206 ἐδέκοντο.
1848 2148 1945 2206 Τέ-
1960 2149 2035 2208 52

345 2236 449 2297 λος
488 2233 548 2292 δὲ
583 2232 616 2293 ὁ
653 2231 994 2310 Περίανδρος
1034 2234 1294 2314 κήρυγμα
1335 2231 1660 2309 ἐποιήσατο,
1697 2232 1761 2297 ὃς
1794 2231 1864 2295 ἂν
1900 2233 1940 2312 ἢ

345 2321 574 2380 οἰκίοισι
597 2319 938 2396 ὖποδέξηταί
957 2345 1056 2396 μιν
1079 2319 1116 2397 ἢ
1144 2321 1589 2401 προσδιαλεχθῇ,
1607 2320 1949 2398 ἶρήν·ζημίην

344 2413 544 2469 τοῦτον
566 2412 644 2488 τῷ
664 2407 987 2468 Ἀπόλλωνι
1025 2406 1297 2484 ὀφείλειν,
1324 2407 1469 2484 ὅσην
1495 2408 1563 2486 δὴ
1592 2407 1766 2472 εἴπας·
1807 2409 1949 2487 πρός

348 2495 424 2556 ὧν
463 2496 532 2572 δή
571 2500 740 2557 τοῦτο
778 2494 847 2555 vd
889 2494 1165 2576 κήρυγμα,
1205 2493 1331 2556 οὔτε
1369 2499 1455 2560 τίς
1491 2499 1545 2557 οἶ
1584 2496 1946 2579 διαλέγεσθαι

346 2582 496 2660 οὔτε,
513 2585 740 2645 οἰκίοισι
781 2582 1042 2644 δέκεσθαι
1080 2582 1271 2658 ἤθελε·
1324 2583 1465 2660 πρός
1505 2584 1580 2655 δέ,
1614 2583 1741 2644 οὐδὲ
1780 2583 1947 2649 αὖτός

346 2675 550 2736 ἐκεῖνος
592 2671 826 2731 ἐδικαίευ
863 2672 1173 2748 πειρᾶσθαι
1209 2670 1598 2750 ἀπεψημένου,
1635 2671 1790 2731 ἀλλὰ
1830 2671 1945 2731 δια-

346 2760 648 2838 καρτερέων
687 2762 746 2818 ἐν
782 2762 918 2836 τῇσι
959 2762 1172 2838 στοῇσι
1212 2759 1577 2820 ἐκαλινδέετο·
1616 2759 1854 2840 τετάρτῃ
1892 2759 1941 2820 δ’

342 2845 524 2925 ἡμέρῃ
564 2845 690 2906 ἰδών
712 2869 810 2922 μιν
833 2845 866 2905 ὁ
905 2845 1247 2924 Περίανδρος
1280 2845 1595 2925 ἀλουσίῃσί
1613 2872 1677 2907 τε
1704 2848 1795 2907 καὶ
1820 2847 1945 2907 οἷσι-

341 2933 502 3012 τίῃσι
542 2932 1005 3010 συμπεπτωκότα,
1048 2934 1303 3012 οἴκτειρε·
1352 2933 1510 2997 ὑπεὶς
1550 2934 1611 2995 δὲ
1639 2938 1742 3010 τῆς
1772 2933 1946 3015 ὀργῆς

343 3020 432 3097 ἤϊε
473 3020 662 3082 ἆσσον
694 3021 786 3080 καὶ
818 3021 998 3102 ἔλεγε·
1038 3031 1076 3058 “
1092 3021 1134 3080 ὦ
1164 3026 1285 3092 παῖ,
1319 3021 1519 3098 κότερα
1552 3020 1760 3082 τούτων
1796 3025 1940 3098 αἶρε-

343 3108 556 3188 τῶτερά
598 3115 738 3179 ἐστι,
777 3112 954 3169 ταῦτα
991 3108 1064 3170 τά
1103 3112 1203 3169 νῦν
1242 3111 1382 3190 ἔχων
1421 3109 1718 3186 πρήσσεις,
1758 3106 1797 3183 ἦ
1834 3109 1940 3183 τήν

342 3199 640 3278 τυραννιῖα
695 3197 788 3258 καὶ
848 3196 1033 3278 ἀγαθοὶ
1085 3197 1159 3276 τοί
1204 3202 1303 3258 νῦν
1355 3195 1463 3277 ἐγώ
1514 3197 1639 3274 ἔχω,
1704 3193 1943 3278 [ταῦτα,]

344 3285 507 3350 ἐόντα
544 3292 622 3369 τῷ
659 3285 831 3364 πατρὶ
871 3287 1160 3362 ἐπιτήδεον
1198 3281 1694 3372 παραλαμβάνειν,
1742 3281 1805 3345 ὃς
1844 3282 1949 3343 ἐῶν
