2267 3517
352 158 571 225 51-55]
934 159 1390 212 ΜΒΔΠΟΜΕΝΗ.
1853 161 1949 210 301
1997 149 2030 174 ⁸

353 239 496 300 κατοὶ
528 237 755 320 γνώμας
784 239 887 304 τὰς
919 239 1208 317 ἡμετέρας,
1237 237 1360 300 ofin
1389 241 1598 316 μοΰνον
1622 240 1734 300 τῶν
1759 239 1957 304 Σκυθι·

352 329 463 386 κῶν
496 331 777 404 ποταμῶν,
806 325 963 386 άλλοὶ
1006 329 1099 386 καὶ
1136 331 1248 387 τῶν
1277 324 1470 387 ἄλλων
1499 324 1958 404 άπάντων,’πλῆν

352 414 570 474 Νείλου
600 419 701 474 τοῦ
742 414 1069 496 Αἰγυπτίου·
1110 413 1288 494 τούτῳ
1322 413 1434 495 γάρ
1469 413 1569 474 οὐκ
1610 413 1703 474 οἶά
1737 440 1800 474 τε
1827 419 1951 476 ἐστι

349 503 703 578 συμβαλέειν
732 501 915 562 ἄλλον
952 500 1229 580 ποταμόν·
1273 506 1383 563 τῶν
1425 503 1487 562 δὲ
1523 505 1740 562 λοιπῶν
1781 509 1955 580 Βορυ-

348 591 557 666 σθένης
583 591 707 650 ἐστὶ
732 591 1241 667 πολυαρκέστατος,
1269 589 1333 654 ὃς
1357 589 1532 668 νομάς
1553 615 1618 652 τε
1643 591 1957 656 καλλίστας

350 677 443 736 καὶ
495 676 963 754 εὖκομιδεστάτας
1016 677 1246 754 κτήνεσι
1287 678 1608 757 παρέχεται,
1655 677 1848 758 ἰχθύας
1891 703 1956 739 τε

346 763 613 842 ἀρίστους
639 763 919 843 διακριδὸν
947 766 1039 824 καὶ
1064 765 1387 829 πλείστους·
1423 765 1692 826 πίνεσθαί
1713 791 1777 826 τε
1793 765 1954 842 ἥδισὲ

346 853 444 916 τός
474 858 618 914 ἐστι·
659 853 772 931 ῥέει
802 879 870 913 τε
904 853 1146 932 καθαρὰς
1183 852 1340 932 παρσῖ
1381 853 1692 931 θολεροῖσι·
1736 855 1953 932 σπόρος

345 964 411 999 τε
448 940 580 1018 παρ’
606 939 778 1003 adv-0³11
802 940 1035 1019 ἄριστος
1065 941 1298 1022 γίνεται·
1337 941 1476 1017 ποίη
1500 967 1578 1013 τε,
1605 945 1679 1020 τῇ
1705 940 1770 1001 οὗ
1795 943 1953 1003 σπεί-

344 1053 503 1105 ρεται
540 1029 580 1106 ἦ
619 1030 792 1108 χώρη,
833 1028 1150 1105 βαθυτάτη·
1197 1027 1333 1093 ἅλες
1365 1055 1430 1090 τε
1469 1029 1562 1088 ἐπὶ
1599 1033 1678 1109 τῷ
1707 1029 1954 1107 στόματι

346 1115 529 1176 αὐτοῦ
558 1116 865 1196 αὐτόματοι
904 1117 1213 1199 πήγνυνται
1251 1115 1507 1178 ἄπλετοι·
1550 1116 1722 1194 κήτεά
1755 1141 1820 1179 τε
1854 1143 1948 1195 με·

345 1204 503 1285 γάλα
534 1204 834 1274 άνάκανθα,
860 1203 935 1266 τὰ
962 1203 1295 1268 ἀντακαίους
1329 1205 1615 1274 καλέουσι,
1646 1205 1951 1285 παρέχεται

292 1342 300 1350 .
345 1295 404 1354 ἐς
427 1293 766 1371 ταρίχευσιν,
785 1291 941 1352 ἄλλα
964 1319 1029 1353 τε
1053 1292 1250 1352 πολλοὶ
1275 1292 1570 1370 θωυμάσαι
1593 1291 1739 1363 ἄξια.
1779 1294 1948 1374 μέχρι

342 1379 451 1457 μέν
475 1405 573 1440 νυν
599 1381 809 1457 Γέρρου
832 1380 1033 1460 χώρου,
1063 1385 1117 1444 ἐς
1141 1379 1242 1442 τὸν
1265 1380 1680 1459 τεσσεράκοντα
1703 1381 1950 1459 ἡμερέων

343 1466 525 1532 πλόος
558 1468 701 1539 ἐστὶ,
728 1468 1062 1550 γινώσκεται
1095 1470 1236 1546 ῥέων
1261 1467 1376 1530 οἷπο
1402 1468 1650 1548 βορέω’
1614 1470 1840 1549 ανέμου·
1877 1496 1948 1532 το

343 1556 407 1615 δὲ
442 1557 751 1636 κατύπερθε
780 1554 918 1617 δι’
876 1583 953 1618 ων
976 1557 1089 1635 ῥέει
1114 1556 1434 1636 ἀνθρώπων,
1461 1557 1638 1622 οὐδεὶς
1664 1561 1778 1638 ἔχει
1805 1558 1949 1637 φρά-

343 1669 464 1704 σαι·
518 1646 779 1722 φαίνεται
818 1645 879 1706 δὲ
916 1645 1056 1723 ῥέων
1096 1644 1165 1704 δι’
1201 1645 1410 1758 ἐρήμου
1451 1650 1508 1710 ἐς
1545 1649 1658 1707 τῶν
1690 1671 1948 1728 γεωργων

343 1733 599 1796 Σκυθέων
621 1733 726 1810 τήν
743 1733 951 1813 χώρην·
986 1757 1141 1793 ουτοι
1163 1733 1275 1814 γάρ
1303 1737 1358 1794 οἱ
1382 1733 1601 1798 Σκυθαι
1625 1733 1756 1812 παρ’
1777 1733 1948 1796 αυτόν

343 1822 436 1881 ἐπὶ
462 1822 595 1882 δέκα
618 1821 867 1899 ἡμερέων
884 1819 1069 1881 πλόον
1086 1821 1367 1899 νέμονται.
1421 1821 1631 1899 μούνου
1657 1822 1718 1881 δὲ
1742 1822 1946 1883 τούτου

340 1912 442 1968 τοῦ
468 1913 726 1987 ποταμοῦ
752 1909 845 1968 καὶ
871 1909 1087 1968 Nestou
1112 1907 1214 1968 οὔκ
1240 1909 1348 1988 ἔχω
1368 1908 1591 1986 φράσαι
1613 1909 1716 1973 τᾶς
1739 1910 1942 1991 πηγάς·

342 1994 512 2055 δοκέω
546 1997 624 2067 δὲ,
661 1991 787 2056 οὗδέ
820 1995 999 2060 οὐδεὶς
1035 1996 1346 2073 Ἑλλήνων.
1413 1996 1596 2079 άγχοῧ
1634 2022 1700 2056 τε
1738 1996 1807 2072 δὴ
1845 1998 1944 2058 θα-

340 2081 569 2160 λάσσης
605 2085 639 2144 ὅ
674 2085 1031 2198 Βορυσθένης
1064 2087 1204 2162 ῥέων
1227 2086 1454 2167 γίνεται,
1484 2085 1582 2144 καί
1607 2087 1662 2144 οἱ
1691 2085 1940 2162 συμμίσ-

340 2195 500 2253 γεται
524 2172 557 2232 ὁ
576 2171 863 2236 Υπανις’
837 2197 893 2236 ες
915 2171 1093 2234 τῶυτο
1116 2173 1246 2237 ἕλος
1265 2173 1526 2238 ἐκδιδούς·
1558 2200 1626 2234 το
1608 2172 1706 2232 δὲ
1731 2173 1941 2249 μεταξυ

339 2262 451 2320 τῶν
474 2265 743 2338 ποταμῶν
765 2260 975 2322 τούτων
999 2261 1093 2321 ἐον
1121 2264 1376 2339 ἔμβολον
1398 2287 1502 2338 της
1523 2260 1721 2341 χώρης,
1748 2259 1940 2322 Ἱππό·

340 2347 508 2406 λεω*
472 2374 613 2426 ακρη
635 2332 911 2410 καλέεται·
941 2353 1000 2409 ἐν
1018 2349 1080 2409 δὲ
1098 2375 1166 2410 το
1187 2349 1307 2427 ἱρὸν
1326 2349 1628 2427 Δήμητρος
1648 2349 1937 2427 ἐνίδρυται·

338 2435 517 2512 πέρην
567 2437 629 2496 δὲ
679 2462 779 2497 του
832 2439 953 2514 ἱροῦ
1000 2437 1095 2498 ἐπὶ
1144 2441 1222 2516 rt?
1261 2437 1462 2498 Ὑπάνι
1508 2437 1940 2515 Βορυσθενειται

340 2525 719 2602 κατοίκηνται.
770 2527 949 2585 ταῦτα
986 2527 1091 2602 μὲν
1130 2524 1205 2585 τοὶ
1235 2524 1349 2586 ἀπὸ
1380 2524 1589 2587 τούτων
1621 2529 1734 2586 τῶν
1765 2549 1936 2584 ποτα-

338 2615 478 2689 μῶν.

421 2700 586 2762 Μετὰ
636 2700 699 2760 δὲ
741 2699 971 2766 τούτους
1021 2700 1278 2780 πέμπτος
1325 2699 1581 2778 ποταμός
1631 2699 1811 2765 ἄλλος
1860 2703 1938 2780 τῷ
1953 2702 2031 2760 54

337 2787 550 2866 οὕνομα
590 2788 973 2866 Παντικάπης·
1013 2791 1125 2867 ῥέει
1165 2789 1226 2849 δὲ
1267 2790 1359 2849 καὶ
1398 2788 1562 2853 οὗτος
1597 2786 1711 2850 άπὸ
1751 2788 1938 2866 βορέω

335 2900 400 2936 τε
425 2877 520 2936 καὶ
552 2881 614 2936 ἐκ
645 2876 864 2954 λίμνης,
898 2877 989 2936 καὶ
1028 2875 1095 2938 τό
1130 2876 1341 2953 μεταξῦ
1371 2877 1572 2938 τούτου
1604 2902 1668 2937 τε
1704 2877 1798 2935 καὶ
1830 2879 1932 2936 τοῦ

336 2965 719 3041 Βορυσθένεος
764 2965 1023 3041 νέμονται
1074 2967 1129 3025 οἱ
1166 2966 1404 3047 γεωργοὶ
1451 2964 1681 3030 Σκύθαι·
1735 2962 1941 3022 ἐκδιδοῖ

334 3050 397 3112 δὲ
440 3057 496 3116 ἐς
535 3053 641 3130 τὴν
680 3052 934 3128 Ὑλαίην·
974 3053 1468 3132 παραμειψάμενος
1509 3052 1570 3111 δὲ
1611 3049 1833 3126 ταύτην,
1858 3053 1938 3129 τῷ

338 3142 679 3217 Βορυσθένεϊ
743 3141 1148 3223 συμμίσγεται.
1240 3139 1444 3202 Ἕκτος
1509 3139 1570 3198 δὲ
1630 3132 1934 3216 ιὙπάκυρις
1950 3139 2030 3198 55

334 3227 607 3306 ποταμός·
649 3227 712 3292 ὃς
751 3227 993 3305 ὁρμᾶται
1026 3231 1131 3304 μὲν
1168 3231 1230 3286 ἐκ
1269 3228 1486 3303 λίμνης,
1521 3225 1612 3285 διὰ
1651 3226 1842 3302 μέσων
1874 3225 1936 3286 δὲ
2094 3279 2214 3324 -

330 3321 445 3376 τῶν
468 3316 721 3395 νομάδων
748 3315 1005 3377 Σκυθέων
1029 3315 1185 3394 ῥέων,
1213 3314 1419 3374 ἐκδιδοῖ
1441 3312 1584 3372 κατὰ
1611 3316 1936 3393 Καρκινῖτιν
