2267 3517
335 129 619 195 109—114]
1003 129 1271 182 OAAEIA.
1842 133 1939 181 255

333 209 628 285 καλέομεν·
671 208 895 286 φορέειν
921 209 982 267 δὲ
1004 207 1107 271 τοῖς
1133 207 1357 286 ὄρνιθας
1382 212 1439 271 ἐς
1468 208 1735 273 νεοσσιὰς
1758 235 1937 288 προσ-

333 297 739 372 πεπλασμένας
779 301 839 355 ε’κ
876 299 1062 371 πηλοῦ
1093 294 1233 371 πρὸς
1268 294 1680 372 ἀποκρήμνοισι
1721 297 1931 373 οὔρεσι,

334 384 469 442 ἔνθα
507 383 844 461 πρόσβασιν
884 382 1155 462 ἀνθρώπῳ
1191 382 1450 460 οὐδεμίαν
1484 384 1642 442 εἶναι·
1682 384 1825 462 πρὸς
1862 386 1935 447 ὧν

334 471 404 546 δή
429 476 607 531 ταῦτα
636 471 766 534 τοῦς
789 470 1095 548 Ἀραβίους
1125 471 1469 547 σοφίζεσθαι
1500 469 1651 530 τάδε·
1692 475 1849 549 βοῶν
1871 501 1936 535 τε

334 560 428 619 καὶ
461 558 599 621 ὅνων
637 564 749 620 τῶν
788 559 1203 640 ἀπογινομένων
1244 559 1339 619 καὶ
1375 563 1485 619 τῶν
1516 557 1709 619 ἄλλων
1736 560 1935 633 ὖποζυ-

332 647 469 728 γίων
492 647 566 707 τοὶ
596 647 775 724 μέλεα
807 646 1178 725 διαταμόντας
1215 645 1287 710 ὦς
1319 647 1580 727 μέγιστα,
1610 647 1854 724 κομίζειν
1881 655 1938 716 ἐς

332 737 512 795 ταῦτα
540 734 616 795 vot
643 735 840 814 χωρία·
881 735 978 794 καί
1009 741 1169 810 σφεα
1204 735 1399 796 θέντας
1432 732 1614 815 ἀγχοῦ
1637 739 1750 796 τῶν
1778 761 1937 796 νεοσ-

334 822 518 893 σιέων,
547 822 1036 884 ἀπαλλάσσεσθαι
1067 821 1196 886 ἑκὰς
1226 819 1453 882 αὐτέων·
1491 821 1595 885 ταῖς
1632 822 1691 882 δὲ
1716 820 1939 899 ὄρνιθας

336 911 820 987 καταπετεωμένας
842 910 916 972 τοὶ
939 913 1052 971 τῶν
1068 908 1380 991 ὑποζυγίων
1405 909 1585 986 μέλεα
1611 908 1941 989 ἀναφορέειν

336 998 429 1058 ἐπὶ
453 999 556 1062 τοῖς
580 997 864 1064 νεοσσιάς·
903 998 1004 1062 τοὶς
1030 998 1090 1058 δὲ
1109 997 1175 1058 οὗ
1202 998 1507 1075 δυναμένας
1530 998 1715 1076 ἴσχειν
1741 1024 1939 1077 καταρ-

334 1087 654 1168 ρήγνυσθαι
705 1088 798 1147 ἔπὶ
847 1091 976 1168 γῆν·
1033 1085 1165 1150 τούς
1216 1086 1277 1146 δὲ
1329 1085 1585 1149 ἐπιόντας
1637 1087 1941 1167 συλλέγειν

337 1172 480 1233 οὕτω
518 1175 585 1235 τό
625 1174 992 1251 κιννάμωμον·
1069 1173 1492 1255 συλλεγόμενον
1530 1173 1592 1233 δὲ
1630 1179 1693 1234 ἐκ
1731 1174 1938 1236 τούτων

337 1259 703 1322 α’πικνέεσθαι
744 1267 800 1326 ἐς
827 1261 930 1324 τὰς
969 1260 1154 1326 ἄλλας
1191 1262 1395 1341 χώρας.
1434 1285 1443 1290 ’
1475 1260 1555 1322 Τό
1598 1261 1659 1321 δὲ
1688 1261 1757 1338 δή
1798 1262 1900 1339 λή-
1920 1266 2034 1324 112

338 1348 520 1420 δανον,
563 1349 632 1410 vd
688 1351 957 1411 καλέουσι
994 1349 1261 1428 Ἀράβιοι
1312 1349 1575 1420 λάδανον,
1616 1351 1697 1410 ἔτι
1740 1349 1942 1412 τούτου

261 1451 266 1456 ’
338 1437 803 1516 θωυμασιῶτερόν
833 1438 1062 1518 γίνεται·
1118 1442 1179 1498 ἐν
1211 1436 1325 1519 γὰρ
1360 1437 1754 1519 δυσοδμοτάτῳ
1792 1439 1941 1520 γινό-

335 1547 507 1603 μενον
533 1525 909 1586 εὖωδέστατόν
935 1531 1079 1587 ε’στι·
1116 1529 1230 1586 τῶν
1252 1524 1367 1607 γοίρ
1400 1529 1572 1607 αῖγῶν
1594 1530 1704 1586 τῶν
1721 1526 1941 1608 τράγων

263 1689 266 1694 ¹
337 1619 398 1674 ἐν
419 1617 576 1675 τοῖσι
600 1614 834 1696 πώγωσι
861 1613 1175 1691 εὖρίσκεται
1202 1612 1573 1694 ἐγγινόμενον,
1602 1615 1721 1674 οἷον
1745 1616 1942 1696 γλοιός

335 1701 450 1762 οἷπὸ
481 1707 582 1780 τῆς
621 1701 779 1779 ὕλης.
860 1702 1149 1781 χρήσιμον
1188 1699 1235 1760 δ’
1276 1706 1333 1764 ἐς
1370 1701 1566 1762 πολλὰ
1604 1706 1715 1763 τῶν
1752 1702 1941 1781 μύρων

337 1791 480 1851 ε’στί·
523 1791 772 1868 θυμιῶσί
788 1815 853 1850 τε
877 1789 1137 1867 μάλιστα
1160 1792 1330 1849 τοῦτο
1354 1788 1637 1866 Ἀράβιοι.
1840 1809 1879 1828 “

415 1883 682 1940 Τοσαῦτα
703 1883 809 1956 μὲν
837 1877 1138 1956 θυωμάτων
1162 1877 1291 1954 πέρι
1319 1877 1578 1954 εἰρήσθω·
1620 1878 1813 1950 ἀπόζει
1840 1880 1901 1940 δὲ
1920 1883 2035 1940 113

335 1969 436 2041 τῆς
461 1966 646 2045 χώρης
679 1970 780 2042 τῆς
803 1965 1082 2042 Ἀραβίης
1113 1964 1421 2026 θεσπέσιον
1454 1964 1527 2028 ὥς
1551 1965 1669 2042 ἡδύ.
1755 1966 1852 2026 δύο
1880 1968 1941 2027 δὲ

334 2053 503 2132 γένεα
553 2053 682 2114 ὀΐων
723 2054 841 2130 σφί
877 2058 1001 2115 ε’στι
1042 2052 1331 2130 θωύματος
1369 2051 1515 2122 ἄξια,
1555 2052 1628 2111 τὰ
1670 2051 1940 2130 οὐδαμόθι

339 2139 568 2216 ἑτέρωθί
603 2145 745 2200 ε’στι·
785 2141 852 2202 vd
892 2143 996 2218 μὲν
1027 2140 1235 2201 αὖτέων
1272 2142 1458 2217 ἕτερον
1493 2141 1609 2220 ἔχει
1640 2140 1743 2204 τοὶς
1774 2140 1940 2219 οὗροὶς

336 2227 569 2304 μακροὶς,
611 2231 779 2306 τριῶν
817 2227 1044 2309 πήχεων
1088 2227 1189 2288 οὐκ
1232 2228 1571 2290 ἐλάσσονας·
1624 2228 1725 2292 τοῖς
1768 2229 1819 2288 εἴ
1856 2255 1940 2292 τις

338 2316 495 2391 ε’πείη
548 2321 661 2391 σφι
725 2317 996 2386 ἐπέλκειν,
1050 2317 1218 2375 ἕλκεα
1268 2313 1338 2376 ἂν
1389 2317 1584 2396 ἔχοιεν,
1639 2315 1937 2394 ἀνατριβο-

334 2404 543 2484 μενέων
580 2402 722 2480 πρὸς
769 2408 844 2483 τῇ
880 2407 959 2486 γῇ
997 2407 1110 2464 τῶν
1133 2425 1145 2432 ·
1163 2403 1385 2482 οὐρέων·
1442 2408 1540 2465 νῦν
1584 2403 1631 2464 δ’
1672 2403 1818 2468 ἅπας
1855 2431 1940 2469 τις

334 2495 447 2551 τῶν
498 2493 776 2569 ποιμένων
815 2493 1121 2552 ε’πίσταται
1174 2492 1527 2572 ξυλουργέειν
1574 2498 1629 2556 ἐς
1676 2497 1938 2554 τοσοῦτο·

337 2577 609 2655 ἁμαξίδας
664 2579 777 2660 γοῖρ
835 2584 1133 2649 ποιεῦντες,
1198 2577 1503 2640 ὖποδέουσι
1572 2579 1743 2644 αὖτοῖς
1802 2586 1941 2660 τῇσι

336 2665 558 2747 οὐρῇσι,
601 2667 720 2730 ἑνὸς
760 2667 1000 2728 ἑκάστου
1039 2665 1266 2744 κτήνεος
1310 2667 1414 2742 τήν
1455 2666 1628 2745 οὖρῆν
1667 2668 1758 2728 ε’πὶ
1799 2667 1940 2747 ἅμα·

337 2754 462 2824 ξίδα
505 2755 748 2831 ἑκάστην
791 2755 1167 2819 καταδέοντες·
1212 2753 1280 2814 τό
1313 2754 1374 2814 δὲ
1410 2754 1598 2833 ἕτερον
1633 2755 1792 2837 γένος
1828 2761 1941 2817 τῶν

334 2840 466 2905 ὀΐων
506 2843 608 2908 τσῖς
658 2841 825 2921 οὖροὶς
862 2843 1111 2906 πλατέας
1154 2843 1444 2920 φορέουσι,
1488 2843 1583 2902 καὶ
1626 2845 1718 2903 ἐπὶ
1752 2847 1940 2922 πῆχυν

334 2929 571 2995 πλάτος.

414 3017 889 3101 Ἀποκλινομένης
940 3019 1002 3079 δὲ
1049 3018 1415 3096 μεσαμβρίης
1472 3016 1709 3096 παρήκει
1760 3015 1901 3093 πρὸς
1920 3017 2033 3077 114

335 3105 568 3169 δύνοντα
599 3106 764 3184 ἥλιον
796 3107 836 3184 ἦ
872 3107 1139 3183 Αἰθιοπίη
1173 3106 1346 3186 χώρη,
1376 3106 1593 3185 ἐσχάτη
1625 3110 1733 3166 τῶν
1768 3109 1939 3164 οἰκεο-

330 3196 531 3272 μένων·
587 3195 726 3273 αὕτη
766 3196 828 3255 δὲ
865 3194 1083 3274 χρυσόν
1120 3218 1186 3253 τε
1228 3196 1388 3270 φέρει
1424 3193 1648 3252 πολλὸν
1689 3191 1782 3251 καὶ
1822 3193 1937 3251 ε’λέ-

333 3290 550 3361 φαντας
585 3284 974 3364 ἀμφιλαφέας,
1013 3282 1106 3340 καὶ
1148 3281 1373 3357 δένδρεα
1403 3279 1589 3338 πάντα
1618 3277 1803 3355 ἄγρια,
1850 3280 1936 3338 κα)
