2267 3517
372 139 656 203 163—167]
1031 139 1359 206 mmmm.
1886 143 1975 192 191

367 221 567 285 πτίους
615 218 786 300 ἦσαν,
839 217 933 279 καὶ
978 222 1033 279 οἰ
1083 219 1213 297 περὶ
1254 217 1357 280 τὸν
1401 217 1657 296 Ἀμασιν
1708 219 1803 280 ἐπὶ
1849 219 1981 286 τοῦς

371 308 597 379 ξείνους.
677 307 740 367 ἔν
774 331 838 368 τε
868 306 938 383 δή
980 308 1277 385 Μωμέμφι
1315 306 1457 368 πόλι
1497 307 1753 388 ἐγένοντο
1792 306 1979 385 α’μφό-

368 419 521 472 τεροι
546 397 638 455 καὶ
663 393 1036 471 πειρήσεσθαι
1065 397 1307 472 ἔμελλον
1332 394 1622 470 ἀλλήλων.

439 482 610 545 Ἔστι
631 483 690 543 δὲ
711 479 1030 565 Αἰγυπτίων
1049 482 1191 542 ἔπτὰ
1211 483 1393 563 γένεα·
1422 483 1515 542 καὶ
1534 482 1743 544 τούτων
1764 486 1817 545 οἶ
1830 485 1935 561 μὲν
1954 485 2071 546 164

369 569 519 648 ἰρέες,
547 575 602 632 οἱ
631 571 692 631 δὲ
717 570 958 650 μάχιμοι
985 571 1295 641 κεκλέαται,
1322 573 1377 630 οἰ
1413 570 1472 630 δὲ
1507 569 1801 649 βουκόλοι,
1831 574 1886 631 οἱ
1912 571 1973 632 δὲ

364 661 643 738 συβῶται,
661 662 717 719 οἶ
743 659 802 718 δὲ
823 658 1087 734 κάπηλοι,
1105 659 1161 716 οἰ
1180 657 1239 716 δὲ
1258 659 1529 735 ἑρμηνέες,
1552 659 1685 720 οἶδὲ
1704 661 1973 736 κυβερνῆ·

360 772 473 807 ται.
516 749 684 829 γένεα
701 748 806 824 μὲν
827 745 1144 826 Αἰγυπτίων
1170 744 1423 805 τοσαῦτά
1448 750 1589 817 ἔστι,
1610 745 1891 825 οὐνόματα
1910 747 1975 809 δέ

361 840 476 911 σφι
516 836 700 896 κέεται
725 833 840 894 ‹in-<3
865 837 975 893 τῶν
998 832 1259 911 τεχνέων.
1340 834 1397 890 οἶ
1423 831 1483 890 δὲ
1515 831 1756 911 μάχιμοι
1791 833 1971 897 αὐτῶν

362 923 660 982 καλέονται
696 923 801 998 μὲν
841 918 1194 995 Καλασίριές
1232 943 1296 978 τε
1336 918 1430 977 καὶ
1481 917 1867 996 Ἑρμοτύβιες,
1908 927 1971 983 ἐκ

361 1012 545 1085 νομῶν
571 1008 631 1067 δὲ
663 1007 838 1067 τῶνδε
865 1007 995 1066 εἰσί·
1041 1003 1185 1064 κατὰ
1219 1004 1330 1085 γοίρ
1362 1002 1431 1080 δὴ
1458 1005 1661 1082 νομοῦς
1687 1007 1969 1087 Αἴγυπτος

362 1092 561 1154 ἅπασα
601 1094 968 1170 διαραίρηται.
1047 1090 1439 1169 Ἑρμοτυβίων
1479 1093 1584 1168 μὲν
1643 1092 1757 1150 οἶδε
1817 1094 1927 1152 εἰσὶ
1946 1096 2062 1156 165

361 1182 545 1257 νομοί·
587 1181 941 1258 Βουσιρίτης,
981 1179 1203 1256 Σαΐτης,
1231 1179 1541 1257 Χεμμίτης,
1575 1180 1967 1256 Παπρημίτης,

361 1269 539 1342 νῆσος
563 1267 600 1342 ἠ
619 1271 982 1344 Προσωπῖτις
1007 1267 1338 1345 καλεομένη,
1354 1265 1532 1327 Ναθῶ
1556 1266 1623 1327 τό
1649 1265 1847 1344 ἥμισυ.
1908 1273 1970 1329 ἐκ

357 1354 465 1430 μὲν
486 1353 696 1416 τούτων
723 1359 834 1416 τῶν
868 1358 1052 1432 νομῶν
1084 1354 1455 1433 Ἑρμοτύβιες
1490 1355 1619 1427 εἰσί,
1659 1354 1965 1437 γενόμενοι,

358 1441 456 1502 ὅτε
483 1442 578 1502 ἐπὶ
602 1444 909 1507 πλείστους
931 1443 1205 1523 γενοίατο,
1235 1443 1521 1504 ἑκκαίδεκα
1544 1442 1826 1522 μυριάδες·
1874 1444 1967 1504 καὶ

355 1529 564 1592 τούτων
577 1532 920 1609 ,βαναυσίης
961 1529 1139 1595 οὐδεὶς
1184 1531 1413 1608 δεδάηκε
1458 1530 1630 1603 οὐδὲν,
1675 1530 1807 1592 ἀλλ’
1842 1532 1965 1594 οἶνέ·

355 1641 512 1680 ονται
553 1623 608 1684 ἐς
643 1618 712 1681 va
750 1618 1022 1698 μάχιμον.
1105 1620 1472 1696 Καλασιρίων
1504 1620 1565 1680 δὲ
1600 1619 1715 1679 οἵδε
1749 1618 1921 1680 ἄλλοι
1942 1621 2058 1681 166

352 1707 524 1785 νομοί
545 1709 676 1768 εἰσι·
717 1709 989 1784 Θηβαῖος,
1026 1709 1442 1784 Βουβαστίτης,
1482 1705 1772 1784 Ἀφθίτης,
1802 1711 1962 1770 Τανί-

350 1819 468 1872 της,
504 1795 842 1871 Μενδήσιος,
881 1794 1246 1873 Σεβεννύτης,
1278 1795 1624 1872 Ἀθριβίτης,
1652 1797 1961 1872 Φαρβαιθί-

348 1907 466 1958 της,
507 1883 804 1960 Θμουΐτης,
835 1880 1192 1957 Ὀνουφίτης,
1222 1881 1499 1950 Ἀνύσιος,
1541 1885 1957 1959 Μυεκφορίτης·

351 1967 516 2032 οὗτος
553 1970 588 2030 ὅ
627 1970 798 2048 νομός
833 1974 898 2030 ἐν
936 1967 1092 2047 νήσῳ
1133 1969 1314 2038 οἰκέει,
1369 1967 1558 2027 οἷντίον
1598 1968 1961 2044 Βουβάστιος

349 2056 570 2134 πόλιος.
651 2055 807 2118 οὗτοι
843 2057 904 2118 δὲ
935 2059 991 2116 οἰ
1027 2055 1192 2132 νομοὶ
1228 2054 1597 2132 Καλασιρίων
1634 2055 1764 2114 εἰσί·
1805 2056 1957 2135 γενό-

350 2167 526 2218 μενοι,
553 2143 647 2204 ὅτε
674 2145 765 2204 ἐπὶ
799 2143 1106 2208 πλείστους
1144 2142 1415 2225 ε’γενέατο,
1451 2141 1616 2203 πέντε
1651 2142 1745 2201 καὶ
1781 2143 1961 2203 εἴκοσι

350 2229 612 2305 μυριάδες
650 2230 880 2309 ἀνδρῶν·
933 2231 1059 2292 οὐδὲ
1092 2230 1349 2292 τούτοισι
1380 2229 1564 2300 ἔξεστι
1600 2229 1802 2308 τέχνην
1828 2233 1958 2290 ε’πα-

352 2319 569 2392 σκῆσαι
608 2317 884 2395 οὐδεμίαν,
919 2318 1074 2380 σῖλλοὶ
1111 2317 1187 2380 τὰ
1228 2323 1284 2383 ε’ς
1322 2317 1576 2396 πόλεμον
1617 2318 1959 2378 ἐπασκέουσι

350 2407 547 2480 μοῦνα,
574 2409 707 2469 παῖς
732 2406 886 2482 παρὰ
911 2406 1126 2485 πατρός
1152 2404 1525 2483 ἐκδεκόμενος.
1594 2409 1667 2466 Εἰ
1691 2407 1795 2482 μέν
1822 2433 1918 2467 νυν
1938 2407 2050 2468 167

353 2491 447 2550 καὶ
469 2494 636 2552 τοῦτο
671 2490 803 2571 παρ’
828 2495 1145 2575 Αἰγυπτίων
1178 2493 1543 2572 μεμαθήκασι
1574 2497 1629 2554 οἱ
1661 2494 1957 2571 Ἕλληνες,

354 2578 454 2639 οὔκ
506 2581 614 2658 ἔχω
655 2579 921 2657 ἀτρεκέως
964 2585 1161 2660 κρῖναι,
1215 2581 1387 2659 ὁρέων
1439 2582 1533 2642 καὶ
1573 2581 1819 2659 Θρήϊκας
1863 2583 1957 2642 καί

353 2665 573 2732 Σκύθας
604 2668 698 2727 καὶ
728 2669 963 2744 Πέρσας
995 2669 1088 2728 καὶ
1122 2668 1356 2739 Αυὸοΰς,
1386 2670 1478 2729 καὶ
1512 2670 1721 2750 σχεδὸν
1745 2669 1957 2735 πάντας

349 2753 479 2819 τούς
528 2754 880 2833 βαρβάρους,
935 2754 1371 2835 ἀποτιμοτέρους
1420 2761 1532 2818 τῶν
1582 2755 1776 2820 ἄλλων
1819 2755 1958 2839 ἥγη-

348 2843 549 2918 μένους
573 2843 885 2919 πολιητέων
918 2842 1048 2908 τοῦς
1075 2843 1180 2908 τοίς
1219 2845 1418 2924 τέχνας
1456 2844 1836 2923 μανθάνοντας
1862 2846 1955 2905 καὶ

347 2930 480 2995 τούς
519 2930 778 3013 ἐκγόνους
812 2929 1042 2992 τούτων·
1082 2931 1215 2996 τούς
1245 2932 1306 2993 δὲ
1338 2931 1811 3014 ἀπαλλαγμένους
1846 2936 1957 2993 τῶν

348 3019 744 3096 χειρωναξιέων
779 3018 1064 3100 γενναίους
1102 3019 1496 3097 νομιζομένους
1536 3019 1693 3089 εἶναι,
1721 3020 1813 3078 καὶ
1850 3018 1954 3096 μά-

347 3108 526 3167 λιστα
551 3106 683 3170 τοῦς
709 3111 765 3170 ἐς
787 3106 889 3168 τόν
913 3106 1169 3183 πόλεμον
1194 3105 1528 3185 οἷνειμένους.
1594 3104 1957 3182 μεμαθήκασι

347 3191 398 3252 δ’
424 3193 499 3256 ὧν
522 3197 690 3256 τοῦτο
725 3194 928 3259 πάντες
962 3197 1018 3254 οἱ
1035 3193 1333 3270 Ἕλληνες,
1371 3192 1463 3252 καὶ
1492 3189 1749 3269 μάλιστα
1778 3198 1956 3252 Λακε-

349 3281 642 3361 δαιμόνιοι.
686 3283 899 3362 ἥκιστα
930 3282 992 3343 δὲ
1024 3282 1319 3360 Κορίνθιοι
1356 3279 1578 3339 ὄνονται
1606 3276 1737 3340 τούς
1773 3303 1955 3357 χειρο-
2009 3324 2215 3416 Α
