2267 3517
351 139 433 200 79,
461 136 548 203 80]
1025 136 1294 189 eAAmA.
1450 155 1456 160 ·
1856 141 1955 188 241

352 215 630 294 εὕρισκον·
673 220 723 277 εἰ
757 216 816 276 δὲ
849 216 932 293 μὴ
965 215 1068 286 νῦξ
1107 217 1427 276 ἐπελθοῦσα
1468 215 1621 294 ἔσχε,
1656 216 1851 276 ἔλιπον
1888 214 1959 278 ἂν

351 303 549 366 ουδένα
601 303 823 384 Μάγον.
904 303 1110 379 ταύτην
1164 330 1268 380 την
1317 303 1532 382 ημέρην
1588 302 1957 380 θεραπεύουσι

353 393 578 468 Πέρσαι
618 397 774 470 κοινῇ
813 391 1070 468 μάλιστα
1106 395 1219 450 τῶν
1259 389 1527 468 ἡμερέων·
1582 391 1675 448 καὶ
1716 395 1775 451 ἐν
1816 389 1957 470 αὐτῇ

352 479 523 556 ὁρτὴν
559 479 815 592 μεγάλην
841 475 1130 560 ἀνάγουσι,
1158 478 1198 554 ἢ
1237 479 1503 552 κέκληται
1534 475 1646 537 ύπο
1688 478 1957 554 Περσέων

353 567 716 647 Μαγοφόνια·
759 573 817 627 ἐν
841 571 912 646 τῇ
939 566 1144 646 Μάγον
1177 566 1373 626 ούδένα
1407 564 1592 634 ἔξεστι
1630 571 1927 641 φανῆναι’
1900 593 1957 631 ες

351 655 419 714 τὸ
455 659 590 730 φῶς,
623 654 780 714 ἀλλὰ
806 653 924 714 κατ’
954 654 1137 718 οἴκους
1174 653 1403 718 ἑωυτούς
1438 655 1493 712 οἶ
1525 652 1722 733 Μάγοι
1762 656 1959 734 ἔχουσι

351 742 454 818 τὴν
479 742 693 820 ἡμέρην
718 742 942 818 ταύτην.

431 829 596 890 Ἐπεί
629 856 690 890 τε
731 831 792 890 δὲ
833 832 1076 906 κατέστη
1109 830 1143 891 ὅ
1177 829 1423 908 θόρυβος
1462 829 1555 889 καὶ
1596 828 1753 894 ἐκτός
1790 831 1956 892 πέντε
1975 833 2051 891 80

351 915 601 995 ἡμερέων
625 919 860 1000 ἐγένετο,
887 917 1261 994 ἐβουλεύοντο
1288 921 1341 978 οἱ
1369 917 1781 982 ἐπαναστάντες
1803 922 1957 978 τοῖσι

353 1005 612 1087 Μάγοισι
646 1007 774 1083 περὶ
804 1009 915 1066 τῶν
947 1005 1292 1088 πρηγμάτων
1320 1005 1559 1067 πάντων·
1603 1006 1696 1066 καὶ
1728 1008 1956 1084 ἐλέχθη-

354 1117 465 1152 σαν
488 1093 656 1174 λόγοι
681 1091 913 1153 ἅπιστοι
937 1095 1041 1170 μὲν
1068 1094 1269 1153 ἐνίοισι
1301 1091 1609 1169 Ἑλλήνων,
1639 1093 1959 1171 ἐλέχθησαν

355 1178 402 1238 δ’
455 1178 548 1240 ὧν.
627 1179 868 1258 Ὀτάνης
917 1183 1021 1258 μὲν
1073 1175 1293 1241 ἐκέλευε
1347 1185 1404 1244 ἐς
1452 1181 1635 1256 μέσον
1688 1181 1957 1260 Πέρσῃσι

356 1269 676 1327 καταθεῖναι
700 1268 772 1327 τά
797 1269 1118 1350 πρήγματα,
1152 1269 1334 1349 λέγων
1368 1267 1518 1329 τάδε·
1561 1279 1597 1305 “
1614 1268 1737 1346 ἐμοὶ
1763 1268 1957 1340 δοκέει,

356 1354 452 1414 ἕνα
473 1357 578 1431 μὲν
596 1354 782 1432 ήμέων
806 1355 1127 1436 μούναρχον
1146 1357 1347 1433 μηκέτι
1369 1357 1653 1437 γενέσθαι·
1695 1355 1820 1418 οὔτε
1845 1354 1957 1437 γάρ

354 1441 458 1517 ἦδὺ
499 1441 627 1503 οὔτε
666 1442 898 1522 ἀγαθόν·
979 1444 1151 1504 εἴδετε
1188 1446 1293 1521 μὲν
1329 1444 1440 1524 γάρ
1478 1444 1584 1521 τὴν
1623 1444 1957 1522 Καμβύσεω

353 1529 521 1608 ὕβριν
560 1529 647 1591 ἐπ’
687 1530 827 1593 ὅσον
867 1531 1159 1608 ἐπεξῆλθε,
1198 1531 1587 1611 μετεσχήκατε
1627 1532 1687 1591 δὲ
1728 1532 1821 1592 καὶ
1857 1537 1961 1609 τῆς

352 1623 452 1680 τοῦ
486 1619 694 1701 Μάγου
728 1619 949 1698 ὕβριος.
1033 1623 1140 1682 κῶς
1176 1619 1222 1679 δ’
1249 1616 1319 1680 ἂν
1346 1620 1431 1696 εἴη
1460 1623 1657 1699 χρῆμα
1691 1645 1959 1697 κατηρτη-

317 1751 320 1756 -
351 1707 522 1784 μένον
570 1709 901 1789 μουναρχίη,
955 1710 1027 1785 τῇ
1083 1707 1269 1777 ἔξεστι
1322 1705 1599 1786 α’νευθύνῳ
1643 1708 1851 1767 ποιέειν
1887 1705 1961 1768 τοὶ

350 1795 659 1871 βούλεται;
702 1795 932 1877 καὶγὰρ
965 1792 1034 1854 ἂν
1069 1794 1170 1854 τὸν
1205 1792 1441 1872 ἄριστον
1466 1794 1679 1871 ἀνδρῶν
1718 1793 1955 1867 πάντων,

353 1883 568 1944 στάντα
615 1889 671 1947 ἐς
722 1883 930 1959 ταύτην
983 1879 1086 1957 τὴν
1125 1880 1323 1961 α’ρχήν,
1367 1881 1522 1945 ἐκτὸς
1560 1885 1671 1941 τῶν
1712 1880 1959 1941 ἐωθότων

353 1970 644 2046 νοημάτων
685 1970 936 2044 στήσειε·
979 1971 1256 2050 ἐγγίνεται
1284 1972 1388 2046 μὲν
1424 1967 1535 2050 γάρ
1568 1970 1621 2026 οἱ
1651 1967 1816 2044 ὕβρις
1845 1967 1957 2028 dm?

354 2060 464 2116 τῶν
483 2056 798 2133 παρεόντων
823 2055 1064 2137 ἀγαθῶν,
1088 2058 1299 2131 φθόνος
1326 2058 1384 2117 δὲ
1412 2056 1659 2134 οἷρχῆθεν
1686 2055 1960 2132 ἐμφύεται

357 2140 644 2222 ἀνθρώπῳ·
686 2143 784 2202 δύο
820 2143 866 2202 δ’
894 2144 1033 2223 ἔχων
1062 2148 1255 2216 ταῦτα,
1286 2146 1400 2223 ἔχει
1432 2147 1628 2204 πᾶσαν
1656 2141 1955 2218 κακότητα·

354 2229 426 2288 τοὶ
448 2234 554 2306 μὲν
576 2231 687 2312 γοῖρ
721 2230 860 2309 ὕβρι
900 2234 1265 2309 κεκορημένος
1306 2233 1450 2311 ἔρδει
1483 2230 1678 2290 πολλὰ
1706 2230 1797 2290 καὶ
1824 2229 1955 2290 άτά-

355 2321 566 2389 σθαλα,
617 2319 688 2380 τοὶ
743 2320 802 2378 δὲ
843 2319 1050 2400 φθόνῳ.
1138 2322 1318 2380 καίτοι
1370 2319 1543 2397 ἄνδρα
1586 2345 1655 2401 γε
1692 2318 1957 2397 τύραννον

355 2403 606 2482 ἄφθονον
637 2408 744 2468 ἔδει
778 2407 934 2478 εἶναι,
977 2407 1177 2486 ἔχοντά
1208 2433 1276 2488 γε
1314 2407 1499 2469 πάντα
1537 2406 1611 2468 τά
1642 2405 1846 2488 άγαθά·
1887 2404 1955 2468 τό

355 2493 401 2553 δ’
455 2494 779 2556 ὑπεναντίον
835 2495 1034 2557 τούτου
1094 2501 1151 2559 ἐς
1210 2495 1341 2559 τούς
1392 2493 1669 2571 πολιήτας
1717 2495 1953 2569 πέφυκε·

355 2583 580 2657 φθονέει
597 2583 708 2664 γάρ
733 2587 885 2643 τοῖσι
906 2583 1193 2661 ἀρίστοισι
1218 2583 1511 2659 περιεοῦσί
1530 2607 1592 2642 τε
1621 2582 1713 2640 καὶ
1734 2581 1955 2652 ζώουσι,

351 2670 536 2748 χαίρει
566 2671 626 2730 δὲ
659 2674 814 2730 τοῖσι
847 2671 1169 2732 κακίστοισι
1206 2674 1317 2731 τῶν
1356 2669 1564 2740 άστῶν,
1594 2668 1872 2745 διαβολὰς
1895 2668 1955 2728 δὲ

353 2754 585 2834 ἄριστος
637 2758 976 2819 ἐνδέκεσθαι.
1057 2757 1551 2835 α’,ναρμοστότατος
1601 2757 1661 2816 δὲ
1713 2755 1952 2818 πάντων·

351 2841 424 2920 ἥν
451 2870 514 2904 τε
542 2845 654 2926 γοὶρ
697 2845 865 2906 αὐτὸν
901 2846 1137 2923 μετρίως
1162 2844 1469 2924 θωυμάζῃς,
1506 2842 1740 2924 ἄχθεται
1770 2843 1858 2904 ὅτι
1887 2840 1955 2902 ού

354 2930 531 3008 κάρτα
597 2932 979 3009 θεραπεύεται·
1058 2932 1131 3008 ἦν
1182 2957 1243 2992 τε
1297 2931 1575 3011 θεραπεύῃ
1624 2955 1709 2994 τις
1760 2930 1953 3006 κάρτα,

353 3018 587 3098 ἄχθεται
649 3046 749 3082 ατε
803 3021 966 3081 θωπί.
1046 3045 1120 3080 τα
1176 3020 1236 3079 δὲ
1287 3019 1356 3095 δη
1409 3020 1655 3100 μέγιστα
1716 3019 1953 3120 ἔρχομαι

354 3108 539 3185 ἐρέων·-
579 3108 784 3187 νόμαιά
807 3133 869 3168 τε
902 3113 1042 3168 κινεῖ
1073 3108 1297 3185 πάτρια,
1328 3107 1420 3165 καὶ
1450 3109 1648 3182 βιαται
1672 3106 1953 3184 γυναῖκας,

355 3195 552 3255 κτείνει
588 3222 652 3257 τε
691 3197 963 3276 ἀκρίτους.
1045 3197 1268 3271 πλῆθος
1307 3193 1367 3254 δὲ
1408 3193 1582 3270 ἄρχον
1615 3195 1807 3267 πρῶτα
1844 3213 1950 3264 μεν

353 3281 564 3362 οὕνομα
630 3285 852 3347 πάντων
921 3283 1238 3342 κάλλιστον
1293 3282 1408 3357 ἔχει
1458 3279 1957 3340 ἸΣΟΝΟΜΙΗΝ·
