2267 3517
304 140 369 187 92
917 137 1286 197 ἮΡοΔοῑιῑοΤ
1833 138 1904 203 [Ι.

300 216 471 278 αύτὸν
495 217 672 299 λόγον
693 222 771 297 τῷ
795 219 982 296 τείχεϊ,
1014 222 1182 278 τοῦτο
1207 218 1268 278 δὲ
1294 217 1436 279 κατὰ
1465 219 1650 295 μέσην
1675 244 1776 279 κου
1798 218 1906 297 μα’.-

302 309 477 365 λιστα
498 305 610 381 ,τὴν
645 305 831 375 πόλιν,
867 309 1023 365 τοῖσι
1054 306 1274 365 λίθοισι
1307 305 1436 369 τούς
1470 306 1718 383 ὠρύξατο
1760 310 1904 367 οἰκο·

304 393 469 469 δόμεε
506 394 759 473 γέφυραν
800 393 1007 452 δέουσα
1047 392 1178 456 τοῦς
1219 394 1413 455 λίθους
1458 393 1669 473 σιδήρῳ
1707 419 1772 453 τε
1812 396 1906 455 καὶ

300 480 594 560 μολύβδῳ.
677 481 1013 540 ἐπιτείνεσκε
1041 480 1099 539 δὲ
1120 479 1204 539 ἐπ’
1226 480 1414 556 αὐτὴν,
1437 480 1574 543 ὅκως
1599 484 1703 557 μὲν
1721 480 1904 560 ἡμέρη

296 569 533 650 γένοιτο,
562 568 705 641 ξύλα
741 566 1059 650 τετράγωνα
1101 566 1184 627 ἐπ’
1212 565 1288 627 ὦν
1317 568 1422 643 τήν
1449 568 1722 643 διάβασιν
1756 568 1914 629 ἐποιέ

300 661 461 717 εὒντο
490 660 546 716 οἱ
577 655 951 732 Βαβυλώνιοι·
991 654 1094 719 τοὶς
1130 655 1192 714 δὲ
1227 654 1427 718 νύκτας
1451 655 1524 715 τοὶ
1549 655 1693 725 ξύλα
1727 660 1905 719 ταῦτα

298 743 669 821 ἀπαιρέεσκον
702 742 865 803 τοῦδε
898 743 1096 814 εἵνεκα,
1125 744 1215 803 ἵνα
1244 741 1326 819 μὴ
1359 742 1770 818 διαφοιτέοντες
1801 743 1906 809 τὰς

296 832 496 894 νύκτας
522 831 814 892 κλέπτοιεν
833 830 964 908 παρ’
983 830 1274 907 ἀλλήλων.
1329 830 1401 893 ὦς
1421 831 1479 890 δὲ
1498 830 1566 891 τό
1583 857 1646 892 τε
1666 831 1905 911 ὀρυχθὲν

296 921 469 997 λίμνη
493 918 716 997 πλήρης
740 919 989 1000 ἐγεγόνεε
1016 918 1124 979 find
1146 922 1246 979 τοῦ
1273 923 1530 995 ποταμοῦ
1558 920 1651 979 καὶ
1677 919 1748 980 τσῖ
1773 921 1904 998 περὶ

294 1008 399 1083 τὴν
421 1009 675 1089 γέφυραν
701 1006 1061 1084 ἐκεκόσμητο,
1089 1008 1190 1067 τὸν
1219 1004 1530 1084 Εὐφρήτην
1565 1006 1822 1085 ποταμὸν
1847 1014 1904 1072 ἐς

294 1096 367 1156 τοὶ
394 1088 841 1176 ἀρχαῖωρέεθρα
876 1100 937 1154 ἐκ
958 1098 1072 1170 τῆς
1109 1095 1314 1172 λίμνης
1341 1094 1599 1177 ἐξήγαγε·
1643 1096 1734 1155 καὶ
1761 1093 1903 1157 οὕτω

301 1183 363 1244 τό
389 1183 623 1262 ὀρυχθὲν
650 1184 779 1246 ἕλος
812 1181 1111 1264 γενόμενον
1138 1187 1193 1245 ἐς
1219 1181 1344 1242 δέον
1379 1181 1564 1242 ἐδόκεε
1595 1184 1900 1264 γεγονέναι,
1993 1204 2002 1211 “

301 1272 394 1330 καὶ
418 1276 571 1331 τοῖσι
595 1269 905 1351 πολιήτῃσι
931 1270 1154 1351 γέφυρα
1179 1269 1250 1346 ἦν
1275 1272 1786 1348 κατεσκευασμένη.

205 1360 318 1420 187
388 1358 463 1418 ‘H
487 1358 532 1418 δ’
551 1357 689 1434 αὐτ-ἦ
708 1358 847 1433 αὕτη
864 1359 1144 1435 βασίλεια
1169 1358 1264 1417 καὶ
1289 1356 1509 1435 α’πάτην
1533 1358 1752 1435 τοιήνδε
1775 1359 1902 1421 τινὰ

296 1445 713 1525 ἐμηχανήσατο·
753 1444 894 1523 ὑπὲρ
925 1448 1036 1505 τῶν
1065 1445 1324 1522 μάλιστα
1357 1446 1659 1524 λεωφόρων
1682 1448 1904 1509 πυλέων

295 1538 397 1593 τοῦ
444 1533 647 1597 ἄστεος
690 1532 876 1608 τάφον
917 1536 1089 1611 ἑωυτῇ
1137 1532 1588 1593 κατεσκευάσατο
1627 1534 1904 1612 μετέωρον

297 1625 574 1696 ἐπιπολῆς
610 1619 815 1681 αὐτέων
845 1624 956 1681 τῶν
987 1620 1228 1681 πυλέων·
1281 1620 1586 1700 ἐνεκόλαψε
1618 1622 1678 1681 δὲ
1711 1627 1765 1685 ἐς
1799 1621 1900 1682 τόν

292 1708 479 1785 τάφον
508 1708 814 1791 γράμματα
845 1709 1088 1789 λέγοντα
1116 1708 1270 1769 τάδε·
1327 1714 1486 1769 ΤΩΝ
1521 1709 1648 1774 ΤΙΣ
1681 1716 1900 1770 ΕΜΕΥ

293 1796 666 1862 εΥΣΤΕΡΟΝ
717 1802 1194 1865 ΓΙΝΟΜΕΝΩΝ
1235 1798 1713 1863 ’.ΒΑΒΥΛΩΝΟΣ
1773 1804 1901 1859 BA-

298 1886 591 1951 ΣῙΛΕΩΝ
618 1889 735 1945 HN
770 1885 1160 1951 ΣΠΑΝῙΣΗῙ
1197 1891 1652 1957 ΧΡΗΜΑΤΩΝ,
1681 1892 1901 1946 ANOI·

296 1973 448 2038 ΞΑΣ
482 1968 642 2033 TON
673 1979 937 2034 ΤΑΦΟΝ
971 1979 1281 2033 ΑΑΒΕΤΩ
1306 1973 1591 2038 ὍΚΟΣΑ
1619 1980 1900 2034 BOYAEss

283 2067 427 2121 ,ΤΑῙ
464 2068 863 2123 ΧΡΗΜΑΤΑ.
946 2068 1071 2121 ΜΗ
1105 2068 1411 2123 ΜΕΝΤΟῙ
1438 2068 1534 2121 ΓΕ
1563 2067 1686 2121 ΜΗ
1717 2064 1902 2127 ΣΠΑ-

301 2151 541 2215 ΝῙΣΑΣ
568 2156 681 2222 ΓΕ,
711 2151 971 2216 ΑΛΛΩΣ
1000 2152 1357 2214 ΑΝΟῙΞΗῙ·
1386 2155 1490 2209 ΟΥ
1507 2155 1655 2210 ΓΑΡ
1677 2156 1899 2209 ΑΜΕῙ-

301 2244 493 2297 NON.
576 2236 737 2303 οὗτος
777 2237 809 2297 ὅ
851 2237 1033 2314 τάφος
1083 2236 1157 2313 ἦν
1209 2237 1466 2313 ἀκίνητος
1515 2238 1686 2315 μέχρι
1736 2235 1800 2295 οὗ
1846 2242 1902 2299 ἐς

298 2329 541 2401 Δαρεῖον
571 2325 842 2402 περιῆλθε
867 2324 905 2400 ἦ
924 2323 1228 2401 βασιληίη·
1273 2325 1490 2402 Δαρείῳ
1518 2324 1577 2383 δὲ
1605 2325 1698 2383 καὶ
1724 2323 1902 2383 δεινόν

286 2412 481 2472 ’ἐδόκεε
522 2411 661 2472 εἶναι
698 2416 834 2489 τῇσι
872 2412 1092 2491 πύλῃσι
1121 2410 1364 2489 ταύτῃσι
1402 2412 1575 2487 μηδὲν
1612 2412 1900 2490 χρέεσθαι,

296 2501 390 2559 καὶ
428 2498 728 2579 χρημάτων
769 2500 1027 2575 κειμένων
1064 2500 1158 2557 καὶ
1193 2498 1372 2558 αὐτῶν
1406 2497 1539 2580 [τῶν
1577 2498 1902 2581 χρημάτων]

297 2587 755 2664 ἐπικαλεομένων,
782 2586 863 2663 μὴ
902 2586 966 2646 ού
990 2588 1198 2663 λαβεῖν
1222 2585 1381 2645 αὐτά·
1423 2590 1558 2664 τῇσι
1591 2587 1650 2646 δὲ
1685 2586 1904 2665 πύλῃσι

297 2680 539 2753 ταῦτῃσι
564 2674 721 2734 οὐδὲν
748 2679 951 2753 ἐχρᾶτο
970 2675 1130 2735 τοῦδε
1152 2674 1348 2743 εἵνεκα,
1375 2672 1463 2733 ὅτι
1487 2672 1626 2752 ὑπὲρ
1649 2679 1904 2752 κεφαλῆς

297 2767 353 2824 οἱ
395 2764 605 2845 ἐγίνετο
646 2761 680 2823 ὅ
724 2762 911 2841 νεκρὸς
954 2760 1375 2833 διεξελαύνοντι·
1433 2760 1654 2831 ἀνοίξας
1695 2761 1756 2821 δὲ
1805 2762 1906 2823 τόν
1985 2823 1992 2831 ,

294 2850 497 2929 τάφον,
542 2848 666 2929 εἶρε
708 2850 973 2931 χρήματα
1021 2854 1124 2928 μὲν
1177 2848 1259 2920 οὔ,
1299 2848 1400 2909 τᾶν
1442 2849 1501 2909 δὲ
1551 2849 1760 2927 νεκρὰν,
1810 2851 1906 2909 καὶ

295 2938 604 3022 γράμματα
630 2940 873 3020 λέγοντα
896 2938 1045 2998 τάδε·
1087 2944 1169 2997 ΕΙ
1196 2942 1320 2997 ΜΗ
1349 2938 1778 3003 ΑΠΛΗΣΤΟΣ
1806 2943 1902 2996 ΤΕ

299 3030 453 3093 EA}
475 3030 913 3087 ΧΡΗΜΑΤΩΝ
932 3031 1069 3084 ΚΑΙ
1088 3026 1718 3096 ΑῙΣΧΡΟΚΕΡΔΗΣ,
1742 3029 1904 3084 ΟΥΚ

298 3121 408 3176 AN
451 3118 779 3183 NEKPQN
827 3115 1094 3178 ΘΗΚΑΣ
1140 3113 1552 3178 ΑΝΕΩῙΓΕΣ·
1615 3110 1754 3187 αὕτη
1799 3110 1905 3187 μέν

242 3256 253 3267 .
297 3230 395 3265 νυν
418 3204 457 3280 ἦ
483 3204 765 3280 βασίλεια
787 3199 1017 3275 τοιαύτη
1041 3225 1126 3263 τις
1150 3200 1376 3280 λέγεται
1399 3200 1684 3281 γενέσθαι.

220 3292 324 3350 ’ἣὸ
432 3291 503 3351 ‘O
546 3292 607 3351 δὲ
647 3289 717 3367 δή
760 3286 949 3365 Κύρος
991 3288 1085 3346 ἐπὶ
1123 3284 1328 3363 ταύτης
1367 3291 1468 3363 τῆς
1507 3283 1766 3362 ’γυναικὸς
1803 3283 1906 3343 τὸν
