2267 3517
358 102 580 170 αις-23]
1043 106 1309 156 eAAmA.
1860 109 1957 158 213

363 183 648 260 Μακάρων
665 189 856 261 νῆσος·
890 190 946 250 ἐς
968 189 1074 263 μὲν
1098 185 1170 262 δὴ
1194 191 1393 247 τοῦτον
1415 186 1518 247 τόν
1539 190 1723 266 χῶρον
1748 188 1975 268 λέγεται

363 269 665 332 ἀπικέσθαι
687 273 788 333 τόν
813 272 1075 349 στρατόν·
1111 273 1178 334 τό
1206 274 1453 333 ἐνθεῦτεν
1478 273 1555 344 δὲ,
1582 273 1670 334 ὅτι
1694 273 1777 350 μή
1802 274 1961 335 αὐτοὶ

361 357 671 435 Ἀμμώνιοι
697 360 789 418 καὶ
821 363 875 420 οἶ
913 360 1122 422 τούτων
1160 360 1515 430 ἀκούσαντες,
1544 360 1715 421 ἄλλοι
1748 360 1961 429 οὐδένες

365 444 524 506 οὐδὲν
558 448 755 526 ἔχουσι
791 451 962 508 εἰπεῖν
1001 449 1132 525 περὶ
1174 447 1373 522 αὐτῶν·
1416 447 1543 508 οὔτε
1581 447 1693 528 γοῖρ
1738 454 1793 512 ἐς
1831 449 1965 516 τοῦς

361 530 706 610 Ἀμμωνίους
727 534 992 597 ἀπίκοντο
1011 535 1138 596 οὔτε
1162 535 1347 596 όπίσω
1368 535 1701 611 ἐνόστησαν·
1736 538 1963 618 λέγεται

365 619 426 680 δὲ
465 623 560 681 καὶ
598 621 731 683 τάδε
773 620 866 682 ὕπ’
913 621 1092 684 αὐτῶν
1137 622 1479 700 Ἀμμωνίων·
1528 623 1717 699 ἐπειδὴ
1764 628 1823 683 ἐκ
1863 629 1965 702 τῆς

362 707 596 774 Ὀάσιος
639 709 844 786 ταύτης
897 711 1033 770 ἰέναι
1077 710 1169 770 &nt
1206 713 1311 787 τῆς
1350 710 1584 790 ψάμμου
1626 711 1719 770 ἐπὶ
1760 713 1962 789 σφέας,

361 798 627 878 γενέσθαι
666 823 729 858 τε
769 797 968 860 αὐτοῦς
1006 798 1215 876 μεταξύ
1255 825 1356 859 κου
1394 798 1653 876 μάλιστα
1692 799 1870 862 αὐτῶν
1898 827 1965 862 τε

365 885 459 944 καὶ
496 890 598 961 τῆς
636 884 888 956 Ὀάσιος,
926 884 1160 962 ἄριστον
1192 888 1565 964 αἱρεομένοισι
1596 886 1819 948 αύτοῖσι
1849 893 1963 948 ἐπι·

363 977 601 1034 πνεῦσαι
640 973 802 1035 νότον
831 973 1012 1056 μέγαν
1044 999 1108 1034 τε
1155 975 1248 1034 καὶ
1279 975 1544 1045 ἐξαίσιον,
1585 976 1864 1052 φορέοντα
1905 977 1965 1036 δὲ

365 1061 520 1125 θῖνας
569 1065 672 1138 τῆς
725 1061 958 1140 ψάμμου
999 1063 1333 1142 καταχῶσαί
1374 1068 1577 1137 σφεας·
1645 1062 1737 1120 καὶ
1774 1063 1963 1143 τρόπῳ

362 1147 594 1229 τοιούτῳ
621 1148 1022 1226 ἀφανισθῆναι.
1101 1149 1411 1227 Ἀμμώνιοι
1433 1151 1537 1225 μὲν
1562 1147 1705 1209 οὕτω
1729 1151 1965 1231 λέγουσι

361 1237 630 1317 γενέσθαι
653 1237 782 1314 περὶ
803 1240 906 1314 τῆς
929 1242 1200 1316 στρατιῆς
1221 1237 1441 1313 ταύτης.
1460 1283 1479 1303 .

445 1322 785 1406 Ἀπιγμένου
810 1325 870 1386 δὲ
897 1325 1231 1402 Καμβύσεω
1259 1331 1315 1389 ἐς
1333 1325 1573 1402 Μέμφιν
1600 1323 1778 1402 ἐφάνη
1800 1329 1964 1408 Αἶγυ-
1981 1328 2057 1388 27

363 1413 582 1474 πτίοισι
621 1411 656 1473 ὁ
685 1411 872 1484 Ἀπις,
909 1412 1012 1474 τᾶν
1041 1413 1322 1490 Ἕλληνες
1355 1411 1627 1490 Ἔπαφον
1678 1415 1964 1475 καλέουσι·

363 1499 665 1578 ἐπιφανέος
695 1501 755 1561 δὲ
783 1501 984 1562 τούτου
1017 1501 1337 1584 γενομένου,
1365 1499 1563 1562 αὐτίκα
1588 1504 1643 1560 οἶ
1668 1501 1965 1582 Αἰγύπτιοι

363 1587 564 1666 εἵματά
587 1615 651 1650 τε
679 1588 916 1667 ἐφόρεον
932 1589 1005 1649 τοὶ
1033 1589 1319 1650 κάλλιστα
1344 1589 1437 1648 καὶ
1459 1587 1610 1665 ἦσαν
1632 1594 1689 1648 ἐν
1712 1589 1963 1668 θαλίῃσι·

363 1676 490 1736 ἶδῶν
535 1676 596 1736 δὲ
635 1681 812 1738 ταῦτα
845 1676 978 1740 τούς
1009 1678 1350 1758 Αἰγυπτίους
1390 1682 1697 1740 ποιεῦντας.
1725 1676 1759 1736 ὁ
1802 1683 1963 1754 Καμ-

360 1764 566 1840 βύσης,
593 1765 784 1846 πάγχυ
821 1765 1006 1841 σφέας
1046 1763 1351 1835 καταδόξας
1385 1768 1585 1824 ἑωυτοῦ
1623 1769 1801 1828 κακῶς
1824 1764 1964 1842 πρή-

362 1851 558 1920 ξαντος
596 1851 932 1932 χαρμόσυνα
964 1856 1143 1912 ταῦτα
1182 1853 1404 1924 ποιέειν,
1448 1850 1639 1912 ἐκάλεε
1679 1851 1809 1915 τούς
1852 1859 1966 1912 ἐπι-

361 1938 602 2015 τρόπους
656 1945 759 2016 τῆς
815 1941 1103 2016 Μέμφιος·
1188 1938 1555 2017 ἀπικομένους
1612 1939 1672 1998 δὲ
1726 1944 1781 2002 ἐς
1834 1938 1965 2017 ὄψιν

367 2026 542 2102 εἴρετο
576 2026 610 2087 ὅ
649 2053 707 2087 τι
746 2026 1020 2104 πρότερον
1058 2029 1164 2105 μὲν
1205 2027 1390 2092 ἐόντος
1428 2025 1598 2087 αὐτοῦ
1626 2032 1697 2086 ·ε’ν
1738 2027 1960 2103 Μέμφι,

367 2114 584 2174 ἐποίευν
638 2119 892 2175 τοιοῦτον
945 2115 1103 2176 οῦδὲν
1156 2115 1469 2198 Αἰγύπτιοι,
1522 2113 1651 2174 τότε
1713 2114 1789 2184 δὲ,
1844 2115 1965 2184 ἐπεὶ

365 2198 530 2265 ada-<3³
567 2204 768 2280 παρείη
806 2207 909 2278 τῆς
948 2208 1216 2281 στρατιῆς
1260 2203 1483 2280 πλῆθός
1504 2200 1577 2262 ’τι
1615 2201 1963 2278 ἅποβαλῶν;

365 2291 420 2348 οἳ
455 2289 515 2348 δὲ
556 2291 798 2368 ἔφραζον
839 2319 910 2356 ως
948 2299 1063 2369 σφι
1103 2292 1230 2356 θεος
1269 2293 1354 2368 εἴη
1396 2291 1590 2367 φανεὶς
1628 2290 1721 2350 διὰ
1757 2290 1963 2370 χρόνου

363 2381 586 2437 πολλοῦ
639 2379 816 2464 ἐωθως
869 2381 1283 2456 ἐπιφαίνεσθαι,
1324 2380 1419 2438 καὶ
1465 2406 1537 2443 ως
1582 2378 1749 2440 ἐπεαν
1790 2383 1962 2459 φανῇ,

361 2463 492 2526 τότε
543 2465 745 2531 πάντες
797 2493 853 2528 οι
891 2467 1189 2549 Αἰγύπτιοι
1240 2467 1607 2547 κεχαρηκότες
1658 2467 1959 2544 ὁρτάζοιεν·

362 2557 538 2614 ταῦτα
571 2553 818 2619 ἀκούσας
847 2554 879 2616 ὅ
921 2554 1249 2633 Καμβύσης
1278 2557 1391 2632 ἔφη
1426 2555 1737 2634 ψεύδεσθαί
1756 2561 1959 2632 σφεας·

363 2642 456 2700 καὶ
497 2642 568 2706 ὥς
612 2643 982 2721 ψευδομένους
1022 2644 1241 2723 θανάτῳ
1282 2644 1525 2720 ἐζημίου.
1604 2643 1964 2708 Ἀποκτείνας
1979 2645 2056 2703 28

362 2729 424 2790 δὲ
474 2730 718 2802 τούτους,
773 2729 1000 2810 δεύτερα
1050 2731 1182 2796 τούς
1248 2731 1396 2809 ἱρέας
1452 2731 1645 2792 ἐκάλεε
1700 2736 1755 2796 ἐς
1807 2729 1959 2810 ὄψιν·

359 2819 639 2900 λεγόντων
665 2819 726 2878 δὲ
746 2819 894 2880 ’κατὰ
917 2819 990 2880 τὰ
1015 2819 1158 2880 αὐτοὶ
1181 2824 1292 2880 τῶν
1320 2820 1491 2895 ἱρέων,
1522 2818 1587 2879 οὔ
1620 2819 1823 2895 λήσειν
1849 2821 1959 2896 ἔφη

361 2906 533 2968 aia-dv
571 2912 620 2968 εἰ
661 2906 786 2971 θεός
829 2933 915 2972 τις
963 2907 1262 2988 χειροήθης
1314 2907 1618 2989 ἀπιγμένος
1659 2909 1743 2983 εἴη
1796 2911 1963 2987 Αἰγυ-

358 2997 596 3056 πτίοισι·
666 2999 920 3056 τοσαῦτα
969 2995 1032 3056 δὲ
1085 2997 1259 3067 εἴπας,
1312 2995 1539 3076 ἐπάγειν
1593 2996 1812 3054 ἐκέλευε
1861 2993 1963 3054 τόν

349 3081 526 3146 ''A-trev
549 3083 679 3148 τούς
705 3083 870 3162 ιρέαςξ
913 3110 967 3144 οι
990 3085 1094 3162 μὲν
1125 3084 1195 3162 δη
1224 3083 1500 3161 μετήισαν
1531 3081 1771 3151 αξοντες·
1812 3080 1870 3158 (ὁ
1895 3082 1956 3141 δὲ

349 3169 522 3256 Ἀπις
560 3199 722 3238 ουτος
759 3171 818 3255 [ὅ
852 3171 1161 3254 Ἔπαφος,]
1199 3173 1411 3254 γίνεται
1454 3169 1676 3248 μόσχος
1716 3173 1777 3228 ἐκ
1815 3168 1961 3244 βοος

357 3259 481 3338 ἥτις
545 3261 728 3324 οὐκέτι
793 3261 886 3338 οἴη
939 3285 1004 3322 τε
1067 3262 1281 3342 γίνεται
1336 3263 1393 3322 ἐς
1454 3255 1710 3336 γαστέρα
1774 3254 1960 3318 ἄλλον
