2267 3517
325 159 606 224 123-126]
997 161 1270 212 eAAmA.
1828 160 1923 210 261

321 239 388 300 δέ
427 243 484 300 οἶ
526 239 821 317 ἠπείλησε,
862 239 934 317 ἦν
975 244 1092 304 σῶς
1144 239 1513 318 ἀπονοστήσῃ
1562 238 1788 298 πολλόν
1831 264 1930 314 μιν

322 328 529 406 χρόνον
556 329 1014 406 παρθενεύεσθαι·
1050 327 1088 404 ἦ
1117 327 1178 387 δὲ
1202 326 1460 404 η’ρήσατο
1478 327 1735 386 ἐπιτελέα
1752 330 1929 386 ταῦτα

322 417 606 497 γενέσθαι·
648 416 968 492 βούλεσθαι
1001 415 1112 496 γάρ
1146 413 1593 492 παρθενεύεσθαι
1617 415 1773 472 πλέω
1796 413 1927 492 χρό-

324 527 422 563 νον
462 501 502 579 ἢ
543 507 644 564 τοῦ
697 502 910 580 πατρὸς
960 503 1323 578 ἐστερῆσθαι.
1405 500 1778 578 Πολυκράτης
1828 502 1889 560 δὲ
1908 503 2022 562 125

325 591 516 667 πάσης
541 591 898 668 συμβουλίης
924 589 1235 671 ἀλογήσας,
1257 590 1423 649 ἔπλεε
1448 587 1603 665 παρά
1622 587 1723 648 τὰν
1746 587 1929 665 Ὀροί-

323 703 425 738 τεα
458 678 576 755 ἅμα
615 678 886 759 ἀγόμενος
923 677 1137 741 ἄλλους
1170 702 1235 738 τε
1266 675 1520 740 πολλοῦς
1552 680 1665 738 τῶν
1697 678 1925 754 ἑταίρων

327 769 386 826 ἐν
417 766 478 825 δὲ
510 766 580 842 δή
615 767 708 824 καὶ
744 765 1081 842 Δημοκήδεα
1112 764 1214 825 rav
1240 767 1673 840 Καλλιφῶντος,
1702 769 1929 840 Κροτω-

327 853 536 930 νιήτην,
564 852 740 932 ἄνδρα
779 854 966 931 ἰητρόν
992 878 1056 913 τε
1092 853 1255 913 ἐόντα
1288 853 1380 911 καὶ
1404 852 1511 927 τήν
1532 853 1736 930 τέχνην
1760 852 1927 912 ἀσκέ-

327 967 464 1002 οντα
489 941 696 1020 ἄριστα
727 946 840 1003 τῶν
867 941 985 1000 κατ’
1013 940 1233 1000 ἑωυτόν.
1302 940 1635 1018 ἀπικόμενος
1661 940 1721 999 δὲ
1748 945 1803 1003 ἐς
1826 941 1931 1016 τὴν

328 1031 670 1110 Μαγνησίην
711 1029 746 1089 ὅ
801 1028 1175 1106 Πολυκράτης
1227 1027 1504 1104 διεφθάρη
1557 1031 1751 1098 κακῶς,
1800 1027 1931 1090 οὔτε

329 1121 532 1178 ἑωυτοῦ
557 1117 722 1187 ἀξίως
749 1117 877 1178 οὔτε
901 1121 1012 1178 τῶν
1039 1120 1243 1178 ἑωυτοῦ
1271 1115 1661 1194 φρονημάτων·
1702 1115 1791 1175 ὅτι
1815 1115 1929 1196 γάρ

327 1204 410 1281 μὴ
437 1209 493 1265 οἶ
524 1207 881 1282 Συρηκοσίων
912 1205 1203 1285 γενόμενοι
1235 1204 1512 1281 τύραννοι,
1540 1202 1667 1263 οὐδὲ
1706 1203 1784 1267 εἷς
1820 1207 1933 1265 τῶν

330 1290 522 1351 ἄλλων
555 1291 904 1368 Ἑλληνικῶν
932 1292 1211 1369 τυράννων
1240 1290 1397 1362 ἄξιός
1426 1296 1551 1351 ἐστι
1575 1291 1933 1369 Πολυκράτεϊ

329 1381 816 1460 μεγαλοπρεπείην
862 1381 1290 1456 συμβληθῆναι.
1358 1377 1686 1442 ἀποκτείνας
1725 1379 1789 1438 δέ
1830 1404 1931 1456 μιν

331 1466 434 1526 οὗκ
459 1466 622 1537 ἀξίως
641 1466 962 1548 ἀπηγήσιος
983 1466 1260 1545 Ὀροίτης,
1288 1464 1699 1544 ἀνεσταύρωσε·
1736 1470 1847 1528 τῶν
1870 1467 1935 1527 δέ

332 1557 388 1614 οἳ
429 1557 708 1633 ἑπομένων
744 1556 877 1616 ὅσοι
905 1557 1012 1632 μὲν
1040 1555 1191 1630 ἦσαν
1233 1553 1438 1631 Σάμιοι
1467 1555 1665 1631 ἀπῆκε,
1695 1555 1933 1616 κελεύων

332 1645 519 1720 σφέας
554 1647 734 1722 ἑωυτῷ
764 1643 931 1724 χάριν
967 1642 1167 1702 εἰδέναι
1199 1642 1389 1706 ἐόντας
1421 1644 1761 1720 ἐλευθέρους·
1802 1642 1934 1704 ὅσοι

330 1730 392 1790 δὲ
417 1732 568 1808 ἦσαν
593 1733 767 1802 ξεῖνοί
785 1757 848 1792 τε
876 1731 968 1790 καὶ
995 1730 1192 1790 δοῦλοι
1216 1733 1328 1790 τῶν
1354 1731 1634 1808 ἑπομένων
1660 1736 1719 1790 ἐν
1736 1730 1933 1808 ἀνδρα-

329 1819 514 1880 πόδων
546 1821 702 1902 λόγῳ
735 1819 1061 1896 ποιεύμενος
1103 1818 1239 1899 εἶχε·
1287 1815 1657 1897 Πολυκράτης
1695 1819 1757 1878 δὲ
1801 1819 1931 1880 ἀνα-

331 1907 688 1985 κρεμάμενος,
718 1909 976 1968 ἐπετέλεε
1011 1909 1206 1967 πᾶσαν
1230 1906 1335 1982 τὴν
1360 1905 1491 1984 ὄψιν
1514 1910 1613 1981 τῆς
1639 1907 1931 1986 θυγατρός·

332 1999 532 2054 ἐλοῦτο
569 1998 676 2072 μὲν
706 1994 821 2074 γάρ
860 1994 971 2053 om?
1010 1998 1113 2055 τοῦ
1156 1994 1293 2058 Διός
1324 1993 1461 2056 ὅκως
1490 1993 1596 2062 ὕοι,
1625 1995 1841 2072 ἐχρίετο
1866 1995 1929 2054 δὲ

331 2080 442 2140 ὑπὸ
475 2086 575 2140 τοῦ
605 2081 774 2157 ἦλίου
809 2080 976 2144 ἀνιεὶς
1011 2081 1177 2145 αὐτος
1205 2088 1265 2141 ἐκ
1290 2085 1393 2143 τοῦ
1418 2080 1680 2159 σώματος
1708 2081 1929 2157 ἰκμάδα.

333 2167 726 2245 Πολυκράτεος
765 2171 870 2246 μὲν
912 2168 980 2244 δὴ
1024 2171 1082 2228 αἶ
1122 2170 1339 2229 πολλαὶ
1386 2168 1633 2248 εὐτυχίαι
1668 2173 1722 2231 ἐς
1763 2173 1929 2228 τοῦτο

335 2256 720 2332 ἐτελεύτησαν,
749 2260 824 2334 τῇ
864 2258 919 2316 οἶ
947 2255 1201 2334 Ἀμασις
1238 2256 1273 2318 ὅ
1316 2256 1604 2339 Αἰγύπτου
1650 2255 1931 2332 βασιλεῦς

332 2344 842 2421 προεμαντεύσατο.

414 2431 611 2512 Χρόνῳ
637 2432 697 2492 δὲ
723 2433 788 2492 οὔ
811 2435 1013 2511 πολλῷ
1035 2431 1273 2511 ὕστερον
1300 2433 1393 2492 καὶ
1414 2431 1673 2510 Ὀροίτεα
1699 2437 1887 2492 Πολυ·
1908 2433 2023 2492 126

335 2519 563 2597 κράτεος
589 2521 766 2584 τίσιες
793 2522 1096 2598 μετῆλθον.
1163 2521 1307 2597 μετά
1333 2520 1443 2602 γάρ
1467 2519 1569 2580 τόν
1602 2519 1933 2598 Καμβύσεω

334 2607 574 2668 θάνατον
609 2609 702 2668 καὶ
732 2613 853 2668 ’τῶν
893 2608 1109 2690 Μάγων
1142 2608 1247 2684 τήν
1286 2608 1619 2686 βασιληίην,
1652 2609 1832 2685 μένων
1870 2613 1931 2668 ἐν

331 2699 469 2774 τῇσι
511 2695 748 2774 Σάρδισι
785 2696 1044 2775 Ὀροίτης
1084 2696 1298 2772 ὠφέλει
1338 2698 1442 2773 μὲν
1484 2695 1640 2756 οὐδὲν
1682 2697 1928 2773 Πέρσας,

331 2783 442 2843 ὖπό
469 2783 680 2860 Μήδων
698 2784 1180 2863 ἀπαραιρημένους
1202 2783 1309 2860 τήν
1328 2782 1527 2862 ἀρχήν·
1556 2783 1588 2842 ὁ
1606 2783 1665 2843 δὲ
1682 2787 1741 2844 ἐν
1754 2782 1929 2862 ταύτῃ

331 2875 405 2948 τῇ
448 2875 670 2950 ταραχῇ
715 2871 856 2932 κατά
886 2885 892 2890 ’
901 2874 1006 2949 μὲν
1052 2873 1254 2932 ἔκτεινε
1304 2869 1681 2950 Μιτραβάτεα
1721 2871 1822 2931 τόν
1868 2875 1931 2932 ἐκ

333 2960 693 3018 Δασκυλείου
732 2957 1002 3038 ὕπαρχον,
1039 2957 1102 3022 ὅς
1139 2963 1194 3019 οἱ
1238 2958 1486 3020 ὠνείδισε
1525 2958 1596 3020 τά
1640 2964 1697 3023 ἐς
1738 2961 1929 3017 Πολυ-

334 3046 538 3123 κράτεα
569 3046 784 3124 ἔχοντα,
814 3046 955 3106 κατά
986 3047 1046 3106 δὲ
1078 3051 1180 3106 τοῦ
1216 3047 1596 3125 Μιτραβάτεω
1628 3047 1727 3106 τόν
1756 3044 1931 3104 παῖδα

333 3134 703 3211 Κρανάσπην,
741 3133 942 3212 ἄνδρας
977 3139 1037 3194 ἐν
1068 3136 1335 3213 Πέρσῃσι
1372 3135 1647 3210 δοκίμους,
1674 3132 1829 3192 ἄλλα
1866 3157 1933 3192 τε

333 3222 602 3300 ἐξύβρισε
635 3227 891 3284 παντοῖα·
933 3223 1032 3282 καί
1059 3247 1185 3282 τινα
1218 3221 1527 3303 ἀγγαρήῖον
1563 3221 1803 3298 Δαρείου
1839 3223 1931 3278 ἐλ-

334 3309 505 3372 θόντα
528 3312 658 3391 παρ’
677 3311 860 3383 αὐτὰν,
881 3309 952 3374 ῶς
977 3307 1044 3370 ού
1069 3309 1213 3388 πρός
1236 3308 1441 3384 ἦδονήν
1461 3311 1516 3367 οἱ
1541 3306 1612 3383 ἦν
1628 3306 1703 3369 τοὶ
1726 3307 1931 3390 ἀγγελ-
