2267 3517
365 119 580 183 56-60]
1030 120 1299 170 eAAEIA.
1331 179 1349 186 „
1862 121 1960 170 229

365 200 612 277 Σιφνίων
647 198 868 260 αὖτοῖσι
892 201 948 260 οἱ
975 199 1179 277 Σάμιοι
1200 198 1334 264 τούς
1358 197 1571 278 χώρους
1594 197 1775 260 αὐτῶν
1801 199 1963 278 ἐπόρ-

365 289 514 350 θεον·
554 287 858 364 πυθόμενοι
894 287 941 348 δ’
972 285 1152 350 ῑθυς’
1111 313 1252 362 ηκον
1277 290 1332 346 οἶ
1362 287 1587 362 Σίφνιοι
1611 287 1963 362 βοηθέοντες,

365 377 458 435 καὶ
465 375 880 465 συμβαλόντες
896 375 1116 435 αὐτοῖσι
1112 374 1492 483 ἑσσώθησαν·
1521 373 1611 433 καὶ
1628 372 1806 433 αὐτῶν
1822 378 1961 433 πολ-

327 469 333 474 “
365 464 460 524 λοὶ
465 449 956 539 απεκληισθησαν
974 466 1074 522 τοῦ
1100 459 1303 524 ἅστεος
1326 487 1438 522 υπο
1465 464 1575 521 τῶν
1596 461 1836 537 Σαμίων·
1872 462 1963 520 καὶ

365 550 565 616 αὐτους
589 550 732 629 μετὰ
757 554 934 610 ταῦτα
966 549 1163 609 ἑκατὸν
1187 548 1440 609 τάλαντα
1466 549 1727 625 ἔπρηξαν.
1794 549 1963 626 Παρα
1978 553 2055 612 59

366 639 427 698 δὲ
474 639 808 717 Ἑρμιονέων
860 641 1038 713 νῆσον
1091 635 1215 696 ἀντὶ
1266 637 1566 716 χρημάτων
1610 637 1961 714 παρέλαβον,

364 725 596 804 Ὑδρέην
633 725 740 803 τήν
775 725 868 785 ἐπὶ
913 723 1353 803 Πελοποννήσῳ,
1388 724 1479 783 καὶ
1525 723 1696 800 αὐτὴν
1735 726 1963 801 Τροιζη-

365 813 538 876 νίοισι
587 814 1052 891 παρακατέθεντο·
1121 811 1283 872 αὖτοὶ
1329 813 1389 872 δὲ
1435 812 1719 887 Κυδωνίην
1759 812 1863 888 τήν
1904 817 1965 874 ἐν

367 902 566 982 Κρήτῃ
599 904 840 973 ἔκτισαν,
873 901 973 960 οὐκ
1011 900 1104 960 ἐπὶ
1134 899 1313 978 τούτῳ
1347 900 1630 969 πλέοντες,
1662 898 1819 958 ἀλλὰ
1854 907 1958 960 Ζα-

367 991 616 1054 κυνθίους
659 990 974 1060 ἐξελοῦντες
1016 993 1078 1048 ἔκ
1128 991 1231 1062 τῆς
1283 987 1479 1069 νήσου·
1548 988 1765 1062 ἔμειναν
1816 987 1864 1046 δ’
1906 993 1967 1048 ἐν

365 1077 538 1156 ταύτῃ
583 1078 675 1136 κᾶὶ
717 1075 1124 1152 εὐδαιμόνησαν
1167 1074 1251 1134 ἐπ’
1285 1076 1409 1144 ἔτεα
1450 1075 1633 1134 πέντε·
1682 1073 1853 1156 [ὥστε
1892 1075 1967 1135 τοὶ

369 1162 462 1240 {pot
490 1164 564 1224 τὰ
595 1170 652 1224 ἐν
685 1163 940 1242 Κυδωνίῃ
973 1163 1139 1224 ε’όντα
1173 1166 1269 1223 νῦν
1296 1159 1455 1222 οὗτοί
1478 1166 1588 1221 εἶσι
1614 1166 1669 1222 οἱ
1693 1161 1965 1237 ποιήσαν-

366 1275 458 1314 τες
484 1252 576 1309 καὶ
600 1250 700 1312 τὸν
722 1255 823 1327 τῆς
849 1250 1120 1327 Δικτύνης
1146 1249 1325 1332 νηόν·]
1366 1250 1503 1329 ἕκτῳ
1530 1250 1591 1309 δὲ
1615 1251 1721 1310 ἔτεϊ
1742 1254 1965 1331 Αἰγινῆ·

366 1363 460 1398 ται
479 1337 678 1403 αὐτοῦς
695 1339 973 1419 ναυμαχίῃ
989 1337 1313 1414 νικήσαντες
1326 1337 1807 1416 ἠνδραποδίσαντο
1820 1337 1965 1414 μετσῖ

370 1430 626 1502 Κρητῶν·
666 1427 760 1486 καὶ
791 1431 901 1486 τῶν
926 1430 1071 1502 νηῶν
1097 1428 1361 1504 καπρίους
1396 1425 1675 1506 ἐχουσέων
1697 1424 1798 1490 τὰς
1821 1426 1964 1503 πρώ-

365 1539 468 1591 ρας
491 1513 932 1593 ἦκρωτηρίασαν,
954 1515 1048 1574 καὶ
1071 1513 1349 1575 ἀνέθεσαν
1367 1513 1513 1580 ἐς.τό
1542 1513 1661 1591 ἶρόν
1674 1517 1776 1589 τῆς
1799 1511 1964 1589 Ἀθη-

367 1604 522 1679 ναίης
549 1609 607 1663 ἐν
633 1604 854 1684 Αἰγίνῃ.
913 1605 1089 1662 ταῦτα
1115 1601 1177 1661 δὲ
1202 1602 1475 1677 ἐποίησαν
1494 1603 1724 1683 ἔγκοτον
1750 1602 1967 1680 ἔχοντες

369 1691 636 1768 Σαμίοισι
657 1693 968 1773 Αἰγινῆται·
983 1688 1260 1767 ’πρότεροι
1283 1688 1394 1770 γάρ
1421 1688 1625 1764 Σάμιοι
1652 1687 1736 1748 ἐπ’
1761 1687 1965 1766 Ἀμφι·

369 1778 596 1855 κράτεος
633 1777 1044 1857 βασιλεύοντος
1081 1781 1141 1837 ἐν
1165 1777 1337 1856 Σάμῳ
1369 1776 1848 1853 στρατευσάμενοι
1883 1775 1969 1835 ἐπ’

369 1866 619 1946 Αἴγιναν,
649 1865 878 1946 μεγάλα
908 1864 1050 1925 κακαῖ
1085 1866 1361 1940 ἐποίησαν
1392 1863 1696 1946 Αἰγινήτας
1722 1865 1815 1923 καὶ
1839 1865 1968 1923 ἔπα·

370 1953 470 2012 θον
495 1952 588 2012 ὑπ’
617 1954 850 2012 ἐκείνων.
915 1952 954 2027 ἦ
980 1955 1085 2030 μὲν
1109 1954 1259 2028 αἰτίη
1284 1950 1445 2028 αὕτη.
1478 2015 1483 2020 ,

449 2039 733 2117 Ἐμήκυνα
773 2039 834 2098 δὲ
871 2041 1002 2116 περὶ
1041 2039 1267 2115 Σαμίων
1295 2043 1539 2117 μᾶλλον,
1576 2038 1665 2099 ὅτι
1694 2043 1807 2113 σφι
1841 2039 1969 2114 τρία
1986 2039 2063 2100 60

372 2127 498 2187 ἐστὶ
529 2128 777 2208 μέγιστα
814 2125 1074 2186 ἁπάντων
1108 2126 1399 2202 Ἑλλήνων
1439 2127 1837 2208 ἐξεργασμένα·
1879 2125 1967 2185 οὔ·

370 2214 496 2291 ρεός
533 2239 596 2274 τε
634 2213 856 2292 ὑψηλοῦ
898 2217 954 2276 ἔς
987 2213 1332 2289 πεντήκοντα
1364 2213 1459 2274 καὶ
1496 2213 1693 2274 ἑκατόν
1718 2211 1964 2294 ὀργυιάς,

370 2301 572 2362 τούτου
598 2299 814 2382 ὄρυγμα
843 2300 1086 2363 κάτωθεν
1113 2299 1425 2379 οἷρξάμενον
1448 2301 1836 2379 α’μφίστομον.
1901 2300 1970 2362 τό

370 2391 475 2464 μὲν
509 2393 690 2466 μῆκος
727 2393 829 2449 τοῦ
867 2388 1181 2470 ὀρύγματος
1222 2389 1361 2450 ἑπτα
1402 2389 1629 2451 στάδιοί
1661 2394 1788 2461 εἰσι,
1815 2388 1883 2450 τὰ
1909 2389 1970 2449 δὲ

372 2476 512 2554 ὕψος
551 2478 644 2536 καὶ
684 2475 841 2555 εὖρος
867 2476 1008 2537 ὄκτῶ
1037 2476 1295 2555 ἑκάτερον
1320 2477 1506 2541 πόδες·
1550 2477 1641 2537 Sui
1667 2478 1875 2541 παντός
1909 2477 1969 2537 δὲ

371 2564 544 2626 αὐτοῦ
587 2565 738 2626 ἄλλο
778 2563 996 2646 ὄρυγμα
1043 2566 1378 2644 εἰκοσίπηχυ
1422 2565 1608 2642 βάθος
1648 2564 1969 2644 ἆρῶρυκται,

368 2653 598 2730 τρίπουν
624 2653 684 2712 δὲ
707 2653 774 2715 τὸ
802 2651 976 2730 εὖρος·
1018 2653 1086 2714 δι’
1107 2651 1173 2714 οὗ
1198 2654 1265 2714 vd
1291 2653 1434 2730 ὕδωρ
1460 2651 1854 2732 ὀχετευόμενον
1878 2653 1971 2713 διοὶ

369 2741 638 2818 σωλήνων
679 2742 1041 2822 παραγίνεται
1080 2745 1137 2804 ἐς
1173 2742 1278 2818 τήν
1316 2740 1505 2810 πόλιν,
1544 2741 1819 2823 ἀγόμενον
1856 2741 1970 2802 «ind

367 2829 621 2907 μεγάλης
645 2833 848 2909 πηγῆς·
882 2827 1217 2908 ἀρχιτέκτων
1234 2829 1293 2888 δὲ
1311 2831 1411 2888 τοῦ
1436 2827 1749 2910 ὀρύγματος
1772 2829 1973 2890 τούτου

371 2915 588 2992 ἐγένετο
627 2914 920 2996 Μεγαρεῦς
958 2914 1279 2978 Εὐπαλῖνος
1318 2916 1726 2993 Ναυστρόφου.
1804 2920 1971 2976 τοῦτο

369 3003 474 3078 μὲν
500 3000 569 3077 δή
597 3002 656 3060 ἓν
679 3005 790 3061 τῶν
819 3006 986 3078 τριῶν
1012 3002 1155 3062 ἔστί.
1224 3002 1477 3081 δεύτερον
1502 3004 1577 3073 δὲ,
1604 3005 1739 3081 περὶ
1769 3003 1972 3080 λιμένα

369 3090 536 3166 χῶμα
563 3093 621 3147 ἐν
649 3086 923 3166 θαλάσσῃ
948 3089 1133 3165 βάθος
1170 3090 1312 3150 κατιιῗΙ
1339 3091 1517 3150 εἴκοσι
1543 3090 1824 3170 ὀργυιέων·
1865 3093 1971 3167 μῆ·-

371 3200 468 3240 κος
507 3175 566 3234 δὲ
604 3178 705 3234 τοῦ
745 3174 1002 3255 χώματος
1037 3177 1207 3252 μέζον
1234 3177 1330 3236 δύο
1358 3177 1615 3236 σταδίων.
1682 3178 1871 3253 τρίτον
1910 3176 1975 3234 δέ

369 3269 484 3341 σφι
501 3263 834 3346 ἐξέργασται
852 3262 982 3338 νηός
999 3264 1269 3344 μέγιστος
1285 3263 1503 3323 πάντων
1523 3266 1666 3337 νηῶν
1684 3267 1794 3322 τῶν
1813 3261 1973 3340 ἡμεῖς
