2267 3517
290 138 354 182 44
914 136 1284 185 ‘HPvo'ro'r
1819 136 1893 201 [Ι.

194 211 268 271 87
289 210 366 269 ἔτι
398 214 497 270 τοῦ
533 211 706 290 πυρᾶς
739 218 1128 289 ἐπικρατῆσαι.
1209 213 1487 274 Ἐνθαΰτα
1520 213 1745 295 λέγεται
1782 213 1896 276 im?

288 298 498 368 Λυδῶν,
527 303 781 375 Κροῖσον
805 300 1058 376 μαθόντα
1080 300 1188 377 τῆν
1215 300 1405 378 Κύρου
1431 300 1799 381 μετάγνωσιν,
1822 302 1895 367 ὥς

290 386 404 463 ὥρα
430 386 612 445 πάντα
637 389 742 463 μὲν
774 387 946 463 ἄνδρα
971 387 1287 463 σβεννύντα
1311 389 1377 449 vd
1415 392 1527 465 πῦρ
1565 390 1898 465 δυναμένους

291 472 350 531 δὲ
377 472 558 533 οὐκέτι
585 477 946 550 καταλαβεῖν,
987 474 1388 550 ἐπιβώσασθαι
1422 475 1523 536 τὸν
1555 474 1895 539 Ἀπόλλωνα

290 560 736 639 ἐπικαλεόμενον,
783 562 835 621 εἶ
861 588 918 622 τι
949 566 1004 622 οἳ
1035 564 1441 642 κεχαρισμένον
1474 564 1538 633 ἐξ
1566 562 1736 623 αὐτοῦ
1770 566 1897 626 ἐδω-

286 649 448 727 ρήθη,
470 654 827 726 παραστῆναι
848 652 939 710 καὶ
959 650 1253 729 ῥύσασθαί
1265 677 1369 729 μεν
1390 657 1451 710 ἐκ
1471 654 1571 711 τοῦ
1591 652 1895 728 παρεόντος

289 740 478 796 κακοῦ·
531 736 631 797 τᾶν
671 740 776 814 μὲν
817 738 1122 816 δακρύοντα
1165 739 1560 799 ἐπικαλέεσθαι
1599 738 1701 799 τὸν
1746 740 1892 802 θεόν·

289 828 351 883 ἐκ
383 824 443 883 δὲ
475 826 689 902 αἰθρίης
721 851 784 886 τε
816 827 908 885 καὶ
943 828 1201 904 νηνεμίης
1240 827 1602 905 συνδραμέειν
1634 827 1895 906 ἐξαπίνης

286 912 475 987 νέφεα,
505 914 596 971 καὶ
625 913 872 991 χειμῶνά
904 940 968 973 τε
1003 919 1415 995 καταρραγῆναι
1446 915 1539 973 καὶ
1570 913 1707 975 ὗσαι
1732 916 1891 977 ὕδατι

289 998 644 1079 λαβροτάτῳ,
703 1002 1172 1078 κατασβεσθῆναί
1219 1028 1283 1062 τε
1328 1002 1433 1078 τήν
1484 1002 1683 1081 πυρήν·
1751 1004 1894 1065 οὕτω

287 1087 356 1163 δή
395 1087 648 1165 μαθόντα
677 1088 778 1149 τᾶν
805 1094 995 1165 Κῦρον
1022 1089 1094 1153 ὦς
1119 1090 1205 1165 εἴη
1236 1090 1269 1150 ὁ
1296 1094 1549 1167 Κροῖσος
1584 1091 1675 1149 καὶ
1702 1092 1891 1167 θεοφι-

284 1175 394 1250 λής
439 1176 531 1235 καὶ
575 1176 716 1253 ἀνὴρ
761 1176 990 1257 ἀγαθὸς,
1037 1177 1514 1254 καταβιβάσαντα
1560 1176 1730 1239 αὐτὸν
1776 1178 1889 1240 dm?

283 1267 383 1337 τῆς
447 1268 626 1341 πυρῆς
679 1264 926 1343 εἴρεσθαι
983 1264 1134 1325 τάδε·
1204 1276 1239 1301 “
1248 1271 1484 1343 Κροῖσε,
1535 1266 1621 1329 τίς
1672 1292 1743 1325 σε
1792 1265 1885 1327 οἷν-

284 1350 513 1427 θρῶπων
536 1351 815 1433 ἀνέγνωσε
842 1352 934 1411 ἐπὶ
956 1356 1067 1433 γῆν
1089 1352 1195 1429 τήν
1220 1353 1361 1429 ἐμῆν
1399 1353 1889 1431 στρατευσάμενον

282 1439 554 1513 πολέμιον
594 1438 718 1499 ἀντὶ
755 1440 934 1515 φίλου
969 1440 1094 1516 ἐμοὶ
1139 1445 1483 1517 καταστῆναι
1492 1440 1539 1510 ;”
1580 1441 1615 1501 ὁ
1648 1441 1708 1502 δὲ
1750 1443 1890 1503 εἷπε·

283 1524 369 1584 “ὦ
407 1528 673 1601 βασιλεῦ,
717 1526 824 1608 ἐγώ
864 1532 1039 1587 ταῦτα
1079 1529 1291 1606 ἔπρηξα
1339 1532 1413 1607 τῇ
1452 1532 1534 1607 σῇ
1572 1530 1675 1605 μὲν
1714 1528 1887 1589 εὖδαι·

281 1614 448 1692 μονίῃ
472 1618 544 1693 τῇ
573 1618 842 1691 ἐμεωυτοῦ
865 1616 924 1673 δὲ
951 1615 1363 1695 κακοδαιμονίῃ·
1400 1616 1572 1679 αἴτιος
1598 1617 1657 1676 δὲ
1683 1616 1889 1678 τούτων

288 1702 504 1781 ἐγένετο
531 1702 564 1761 ὁ
590 1702 880 1779 Ἑλλήνων
906 1702 1033 1766 θεὸς
1059 1705 1315 1781 ἐπαείρας
1342 1706 1439 1780 ἐμὲ
1463 1703 1885 1781 στρατεύεσθαι.

285 1788 462 1852 οὐδεὶς
500 1789 614 1871 γοῖρ
657 1789 798 1851 οὕτω
839 1789 1072 1865 ἀνόητός
1113 1797 1237 1852 ἐστι
1270 1792 1331 1856 ὅς
1368 1818 1453 1855 τις
1494 1792 1747 1869 πόλεμον
1774 1792 1887 1870 πρδ

245 1954 252 1960 .
286 1875 501 1953 εἰρήνης
547 1878 804 1955 αἱρέεται·
862 1883 920 1937 ἐν
970 1881 1075 1956 μὲν
1122 1880 1233 1961 γοῖρ
1286 1885 1359 1960 τῇ
1414 1883 1469 1939 οἳ
1518 1882 1712 1944 παῖδες
1758 1881 1889 1946 τοῦς

279 1965 521 2043 πατέρας
547 1965 844 2026 θάπτουσι·
887 1970 946 2026 ἐν
963 1965 1034 2025 ’δὲ
1056 1972 1152 2045 τῷ,
1175 1971 1228 2027 οἳ
1256 1968 1489 2045 πατέρες
1511 1967 1642 2030 τοῦς
1666 1968 1885 2032 παῖδας.

281 2052 434 2112 α’λλοὶ
458 2058 634 2114 ταῦτα
659 2054 894 2130 δαίμοσί
917 2080 1016 2114 κου
1043 2056 1219 2131 φίλον
1238 2055 1317 2132 ἦν.
1336 2056 1477 2115 οὕτω
1501 2054 1816 2136 γενέσθαι.”

189 2142 263 2200 88
358 2140 428 2200 ‘O
448 2143 552 2218 μὲν
569 2146 746 2204 ταῦτα
774 2144 951 2224 ἔλεγε.
1007 2147 1198 2221 Κῦρος
1217 2143 1277 2203 δὲ
1298 2142 1466 2204 αὐτὸν
1485 2142 1668 2207 λύσας
1688 2142 1889 2204 κάτισέ

280 2254 344 2289 τε
374 2229 538 2309 ἐγγῧς
565 2233 764 2290 ἑωυτοῦ
793 2232 886 2289 καὶ
913 2230 1090 2309 κάρτα
1115 2237 1177 2291 ἐν
1208 2235 1404 2309 πολλῇ
1434 2232 1723 2309 προμηθίῃ
1750 2231 1883 2311 εἶχε,

280 2314 643 2392 α’πεθῶυμαζέ
675 2342 739 2376 τε
770 2316 943 2394 ὁρέων
973 2319 1066 2376 καὶ
1102 2316 1271 2381 αὖτὸς
1306 2319 1399 2377 καὶ
1431 2322 1487 2377 οἱ
1517 2319 1647 2396 περὶ
1680 2322 1887 2379 ἐκεῖνον

282 2400 462 2478 ἐόντες
500 2402 722 2466 πάντες.
800 2404 837 2462 ὁ
878 2405 939 2463 δὲ
976 2406 1205 2482 συννοίῃ
1242 2405 1508 2483 ἐχόμενος
1541 2405 1758 2485 ἥσυχος
1790 2406 1882 2482 ἦν·

279 2489 422 2566 μετὰ
460 2490 536 2560 δὲ,
575 2491 942 2568 ἐπιστραφείς
975 2516 1040 2552 τε
1075 2492 1169 2550 καὶ
1206 2492 1455 2569 ἰδόμενος
1487 2493 1618 2556 τούς
1653 2495 1885 2571 Πέρσας

278 2577 346 2636 v&
381 2580 491 2639 τῶν
523 2578 720 2639 Λυδῶν
753 2576 899 2649 ἄστυ
931 2578 1280 2656 κἐραΐζοντας
1314 2579 1453 2639 εἰπε·
1494 2578 1583 2638 “ὦ
1614 2582 1882 2655 βασιλεῦ,

281 2664 480 2742 κότερα
505 2666 691 2747 λέγειν
715 2666 857 2744 πρὸς
883 2669 955 2725 σὲ
978 2666 1051 2727 τοὶ
1077 2668 1246 2727 νοέων
1268 2666 1541 2749 τυγχάνω,
1568 2666 1606 2744 ἢ
1635 2672 1805 2749 σιγᾶν
1825 2674 1885 2729 ἐν

279 2757 356 2830 τῷ
379 2753 642 2831 παρεόντι
666 2753 779 2834 χρή
798 2753 852 2825 ;”
894 2757 1082 2831 Κῦρος
1109 2755 1175 2815 δέ
1199 2781 1299 2832 μιν
1325 2757 1641 2833 θαρσέοντα
1667 2756 1885 2817 ἐκέλευε

279 2841 465 2920 λέγειν
502 2840 536 2902 ὅ
573 2866 632 2901 τι
669 2842 963 2918 βούλοιτο·
1018 2842 1052 2903 ὅ
1100 2844 1163 2903 δὲ
1208 2842 1380 2904 αὖτόν
1423 2844 1637 2921 εἰρώτα,
1679 2845 1881 2926 λέγων·

280 2925 483 2992 “effi-os·
521 2927 555 2989 ὅ
596 2930 816 2993 πολλός
854 2930 1053 3006 ὅμιλος
1090 2932 1155 2992 τί
1192 2936 1370 2993 ταῦτα
1416 2932 1639 3011 σπουδῇ
1679 2936 1881 3011 πολλῇ

280 3015 566 3097 ἐργάζεται
583 3015 637 3087 ;”
677 3016 710 3077 ὅ
737 3018 796 3077 δὲ
824 3018 960 3077 εἰπε·
993 3018 1208 3079 “πόλιν
1231 3045 1295 3081 τε
1318 3020 1424 3096 τὴν
1449 3019 1567 3095 σῆν
1591 3019 1881 3096 διαρπάζει

280 3105 372 3162 καὶ
409 3100 684 3184 χρήματα
708 3105 780 3164 τοῖ
820 3104 900 3164 σοὶ
940 3105 1285 3184 διαφορέει·”
1326 3111 1579 3186 Κροῖσος
1626 3107 1687 3166 δὲ
1727 3105 1881 3181 οἶμεί-

278 3192 439 3265 βετο·
491 3190 662 3253 “oi'm
691 3192 860 3252 πόλιν
889 3192 995 3270 τῆν
1025 3194 1167 3271 ἐμήν
1198 3194 1327 3256 οὔτε
1356 3195 1623 3274 χρήματα
1660 3190 1731 3253 τὰ
1772 3190 1880 3265 ἐμὰ

287 3276 582 3355 {capu-‹ica-
635 3277 792 3338 οὐδὲν
829 3278 940 3359 γὰρ
979 3282 1106 3357 ἐμοὶ
1146 3282 1228 3342 ἔτι
1264 3282 1473 3343 τούτων
1510 3281 1672 3356 μέτα·
1721 3275 1879 3335 ἀλλὰ
