2267 3517
324 168 441 218 -162
937 160 1306 211 ΗΡοΔοΤοΤ
1836 158 1938 224 [11.

340 244 733 331 [ἐπιμέμνηται
766 242 827 303 δὲ
863 240 957 303 καὶ
993 246 1053 303 ἐν
1081 240 1464 321 Ὀδυσσείῃ,’
1437 266 1496 303 εν
1529 203 1746 301 τοῖσίδε
1783 244 1941 304 τοῖσι

342 337 521 396 ἔπεσι·

372 466 490 513 Τοῖα
522 464 632 514 Διὸς
666 463 882 525 θυγάτηρ
915 462 1001 523 ἔχε
1034 460 1266 524 φάρμακα
1298 459 1571 521 μητιόεντα,

371 537 539 595 ἐσθλὰ,
578 536 643 584 τά
676 537 720 583 ol
752 536 1043 593 Πολύδαμνα
1078 534 1235 596 πόρεν,
1271 534 1427 582 Θῶνος
1465 532 1747 595 παράκοιτις

371 607 634 669 Αἰγυπτίη·
671 608 736 668 τῇ
768 607 981 655 πλεῖστα
1014 606 1149 667 φέρει
1183 605 1398 666 ζείδωρος
1434 604 1612 667 ἄρουρα

370 681 620 743 φάρμακα,
649 680 815 729 πολλὰ.
836 679 924 737 μὲν
951 678 1105 727 ἐσθλὰ.
1128 677 1415 739 μεμιγμένα,
1441 677 1610 725 πολλὰ
1634 678 1687 727 δὲ
1710 677 1886 741 λυγρά.

339 800 431 861 καὶ
456 798 589 861 τάδε
616 799 776 877 ἕτερα
802 797 943 877 πρός
969 796 1310 875 Τηλέμαχον
1335 795 1630 860 Μενέλεως
1657 796 1833 879 λέγει·

434 940 671 1001 Αἰγύπτῳ
702 937 753 998 μ’
778 938 850 987 ἔτι
882 939 1018 1000 δεῦρο
1054 937 1152 985 θεοὶ
1183 936 1417 995 μεμαῶτα
1449 935 1640 985 νέεσθαι

435 1014 596 1075 ἔσχον,
635 1013 740 1061 ἐπεὶ
773 1013 828 1061 οὔ
860 1016 975 1073 σφιν
1006 1010 1145 1073 ἔρεξα
1177 1009 1446 1069 τεληέσσας
1480 1003 1796 1073 ἐκατρμβας.]

339 1136 399 1192 ἐν
429 1132 682 1193 τούτοισι
714 1134 869 1192 τοῖσι
906 1131 1067 1190 ἔπεσι
1102 1128 1271 1204 δηλοῖ
1303 1126 1391 1189 ὅτι
1420 1125 1709 1203 ἠπίστατο
1743 1125 1848 1204 τήν
1880 1130 1937 1193 ἐς

336 1220 625 1302 Αἴγυπτον
650 1217 1025 1296 Ἀλεξάνδρου
1057 1216 1298 1292 πλάνην·
1341 1213 1598 1293 ὁμουρέει
1627 1215 1739 1297 γοῖρ
1764 1215 1802 1292 ἦ
1832 1216 1935 1281 Συ-

336 1309 430 1384 ρίη
456 1309 735 1390 Αἰγύπτῳ,
760 1311 813 1368 οἶ
840 1307 899 1367 δέ
924 1306 1189 1376 Φοίνικες,
1216 1308 1328 1365 τῶν
1356 1304 1478 1364 ἐστὶ
1501 1303 1540 1380 ἦ
1567 1302 1762 1375 Σιδών,
1785 1309 1844 1365 ἐν
1861 1308 1935 1384 τῇ

246 1394 359 1455 117
380 1396 553 1473 Συρίῃ
582 1396 845 1455 οἰκέουσι.
915 1392 1081 1453 Κατὰ
1111 1395 1290 1453 ταῦτα
1316 1392 1376 1452 δὲ
1407 1391 1480 1452 τὰ
1517 1393 1651 1451 ἔπεα
1687 1392 1779 1452 καὶ
1808 1392 1936 1453 τόδε

336 1481 403 1543 τό
437 1484 643 1562 χωρίον
669 1481 769 1542 οὐκ
795 1481 1003 1558 ἥκιστα
1030 1479 1188 1540 οἷλλαῖ
1221 1480 1494 1557 μάλιστα,
1523 1479 1691 1557 δηλοῖ
1721 1478 1809 1540 ὅτι
1835 1479 1935 1541 οὔκ

337 1568 590 1648 Ὀμήρου
614 1569 687 1631 τοὶ
714 1569 944 1647 Κύπρια
972 1567 1106 1629 ἔπεοὶ
1132 1572 1258 1628 ἐστι
1285 1566 1416 1627 ἀλλ’
1436 1567 1622 1628 ἄλλου
1645 1567 1812 1631 τινός.
1876 1573 1934 1629 ἐν

335 1660 441 1735 μὲν
482 1657 593 1740 γοῖρ
635 1662 790 1719 τοῖσι
833 1657 1144 1735 Κυπρίοισι
1184 1655 1412 1733 εἴρηται,
1456 1653 1529 1720 ὥς
1573 1658 1818 1733 τριταῖος
1873 1660 1934 1720 ἐκ

340 1745 603 1824 Σπάρτης
626 1745 997 1824 Ἀλέξανδρος
1023 1744 1255 1805 ἀπίκετο
1283 1749 1339 1807 ἐς
1363 1743 1430 1805 τό
1451 1742 1635 1804 Ἴλιον
1661 1742 1810 1824 ἄγων
1832 1744 1934 1821 τὴν

334 1833 588 1912 Ἑλένην,
611 1834 763 1894 εὖαέῖ
786 1859 850 1895 τε
874 1833 1147 1911 πνεύματι
1165 1831 1524 1912 χρησάμενος
1550 1832 1642 1892 καὶ
1664 1831 1936 1911 θαλάσσῃ

339 1923 486 2003 λείῃ·
529 1928 589 1984 ἐν
620 1922 680 1982 δὲ
709 1920 911 1983 Ἰλιάδι
943 1922 1102 2003 λέγει
1136 1920 1209 1985 ὥς
1245 1920 1516 1991 ἐπλάζετο
1553 1919 1702 2001 ἄγων
1741 1919 1933 1997 αὖτήν.

326 2010 583 2090 Ὅμηρος
605 2012 711 2089 μέν
736 2036 834 2091 νυν
860 2010 953 2070 καὶ
978 2010 1049 2071 τοὶ
1079 2008 1312 2087 Κύπρια
1339 2009 1472 2068 ἔπεα
1497 2009 1755 2087 χαιρέτω.

246 2102 362 2161 118
417 2101 727 2179 Εῖρομένου
768 2100 831 2159 δέ
865 2124 973 2177 μευ
1012 2097 1144 2161 τοῦς
1187 2099 1352 2176 ἱρέας,
1391 2100 1441 2156 εἰ
1480 2096 1720 2174 μάταιον
1757 2095 1935 2178 λόγον

335 2188 575 2270 λέγουσι
608 2192 663 2249 οἱ
685 2187 965 2263 Ἕλληνες
994 2185 1067 2247 τοὶ
1094 2186 1226 2263 περὶ
1251 2184 1434 2244 Ἴλιον
1457 2184 1740 2266 γενέσθαι,
1769 2181 1807 2260 ἦ
1835 2184 1898 2245 οὗ
1914 2208 1957 2267 3.

337 2276 560 2351 ἔφασαν
591 2273 734 2352 πρός
763 2278 943 2335 ταῦτα
971 2273 1120 2343 τάδε,
1151 2271 1438 2352 ἱστορίῃσι
1466 2270 1710 2349 φάμενοι
1738 2272 1936 2333 εἰδέναι

336 2362 467 2439 παρ’
494 2361 663 2422 αὐτοῦ
688 2362 971 2422 Μενέλεω
1007 2361 1195 2420 ἐλθεῖν
1217 2362 1321 2437 μὲν
1345 2358 1458 2439 γὰρ
1482 2357 1626 2436 μετοῖ
1650 2358 1754 2436 τήν
1776 2359 1936 2419 Ἑλέ-

336 2474 435 2526 νης
455 2448 715 2530 ἁρπαγήν
736 2454 790 2513 ἐς
808 2447 913 2524 τήν
931 2447 1201 2525 Τευκρίδα
1218 2450 1328 2528 γῆν
1351 2446 1642 2523 Ἑλλήνων
1662 2446 1936 2526 στρατιήν

336 2536 580 2613 πολλὴν,
602 2537 930 2614 βοηθεῦσαν
947 2535 1232 2614 Μενέλεῳ·
1266 2535 1524 2610 ἐκβᾶσαν
1549 2533 1609 2593 δὲ
1634 2539 1691 2598 ἐς
1713 2539 1824 2617 γῆν
1841 2536 1936 2595 καὶ

338 2625 656 2703 ἱδρυθεῖσαν
679 2624 785 2700 τήν
812 2621 1085 2701 στρατιήν
1106 2623 1350 2701 πέμπειν
1382 2627 1438 2687 ἐς
1466 2620 1533 2683 τδ
1561 2620 1746 2683 Ἴλιον
1770 2622 1935 2705 ἀγγέ-

335 2716 491 2778 λους·
531 2712 641 2774 σῦν
665 2712 728 2773 δέ
752 2718 867 2788 σφι
894 2712 1031 2772 ἰέναι
1055 2710 1151 2770 καὶ
1177 2709 1348 2771 αὖτδν
1373 2710 1692 2771 Μενέλεων·
1732 2710 1862 2774 τούς
1887 2708 1936 2769 δ’

337 2800 464 2861 ἐπεί
492 2825 556 2862 τε
588 2802 844 2861 ἐσελθεῖν
877 2803 933 2863 ἐς
965 2798 1034 2859 va
1064 2802 1267 2878 τεῖχος,
1295 2797 1576 2858 ἀπαιτέειν
1603 2796 1841 2874 Ἑλένην
1873 2822 1938 2858 τε

336 2889 429 2949 καὶ
455 2887 529 2950 τὰ
566 2887 831 2968 χρήματα
864 2886 939 2947 τοὶ
973 2889 1028 2946 οἱ
1068 2886 1255 2966 οἴχετο
1297 2887 1510 2965 κλέψας
1547 2884 1934 2961 Ἀλέξανδρος,

338 2981 451 3039 τῶν
474 3002 537 3038 τε
572 2974 924 3053 ἀδικημάτων
954 2974 1108 3038 δίκας
1140 2974 1357 3034 αἰτέειν·
1398 2998 1528 3036 τους
1564 2971 1627 3031 δὲ
1659 2970 1937 3050 Τευκρους

334 3064 436 3126 τὸν
487 3061 659 3125 ada-dv
704 3061 884 3145 λόγον
930 3061 1119 3142 λέγειν
1165 3060 1293 3121 τότε
1340 3062 1433 3120 καὶ
1479 3058 1794 3137 μετέπειτα,
1841 3057 1938 3117 καὶ

336 3148 611 3230 ὄμνυντας
645 3149 738 3210 καὶ
777 3174 1037 3227 ανωμοτι,
1070 3147 1152 3225 μὴ
1193 3151 1298 3224 μὲν
1338 3149 1484 3228 ἔχειν
1521 3145 1758 3221 Ἑλένην
1793 3144 1937 3220 μηδὲ

335 3240 409 3298 τοὶ
436 3238 839 3316 ἐπικαλεύμενα
863 3234 1146 3317 χρήματα,
1174 3233 1306 3295 ἀλλ’
1334 3235 1474 3296 εἶναι
1499 3230 1640 3293 αὐτοὶ
1665 3230 1849 3291 πάντα
1875 3235 1936 3289 ἐν

339 3327 620 3406 Αἰγύπτῳ·
662 3326 755 3386 καὶ
787 3322 888 3385 οὔκ
922 3321 995 3385 ἂν
1018 3322 1239 3386 δικαίως
1269 3320 1429 3384 αὐτοὶ
1460 3321 1615 3383 δικας
1643 3316 1869 3394 υπέχειν
1895 3341 1936 3375 α
