2267 3517
361 179 457 227 238
719 245 725 252 ,
978 179 1349 229 mmmmm
1830 177 1963 243 [111.

358 255 458 318 τόν
485 256 691 340 Μάγον
713 257 922 323 ῖθέως.”
974 263 1153 320 ταῦτα
1178 259 1299 318 εἶπε
1324 257 1614 336 Γωβρύης·
1647 257 1741 318 καὶ
1766 258 1969 323 πάντες

358 348 536 405 ταῦτα
562 345 761 406 αἴνεον.

265 431 345 494 74
440 431 539 492 Ἐν
574 431 617 510 ᾧ
652 433 713 492 δὲ
749 431 904 494 οὗτοι
941 438 1116 494 ταῦτα
1160 432 1532 510 ἐβουλεύοντο
1574 433 1787 514 ε’γίνετο
1826 433 1965 495 κατὰ

337 564 342 569 -
362 521 666 600 συντυχίην
683 522 833 582 τάδε·
859 527 1015 584 τοῖσι
1041 523 1304 602 Μάγοισι
1324 522 1475 591 ἔδοξε
1494 521 1965 599 βουλευομένοισι

362 609 719 686 Πρηξάσπεα
770 613 946 688 φίλον
995 611 1374 688 προσθέσθαι,
1420 609 1510 670 ὅτι
1552 635 1617 670 τε
1668 610 1967 670 ἐπεπόνθεε

360 695 503 774 πρὸς
529 698 860 774 Καμβύσεω
885 698 1145 776 ἀνάρσια,
1170 698 1257 778 (ὅς
1290 701 1344 757 οἱ
1373 695 1475 758 τᾶν
1498 698 1672 757 παῖδα
1697 697 1967 767 τοξεύσας

360 784 761 867 οἷπολωλέκεε,)
779 788 872 847 καὶ
889 787 1030 848 διότι
1043 790 1251 865 μοῦνος
1270 785 1557 862 ἠπίστατο
1576 785 1675 845 τὸν
1697 786 1967 862 Σμέρδιος

359 877 461 933 τοῦ
498 873 690 952 Κύρου
725 874 965 936 θάνατον
1000 874 1319 953 αὐτοχειρίῃ
1344 899 1442 950 μιν
1476 872 1784 936 α’πολέσας·
1825 872 1966 949 πρός

361 959 409 1019 δ’
450 961 545 1031 ἔτι,
587 960 749 1022 ἐόντα
795 968 854 1023 ἐν
901 963 1026 1042 αἴνῃ
1071 962 1316 1043 μεγίστῃ
1360 959 1462 1020 τὸν
1505 959 1859 1038 Πρηξάσπεα
1906 966 1966 1022 ἐν

361 1048 648 1128 Πέρσῃσι.
713 1049 923 1110 τούτων
957 1050 1028 1126 δή
1051 1075 1151 1127 μιν
1188 1049 1391 1109 εἵνεκεν
1422 1047 1763 1111 καλέσαντες
1788 1049 1966 1124 φίλον

360 1137 794 1213 προσεκτέωντο,
815 1139 980 1199 πίστι
1003 1162 1068 1198 τε
1091 1136 1373 1213 λαβόντες
1398 1136 1491 1194 καὶ
1517 1135 1773 1212 ὁρκίοισι,
1793 1135 1832 1212 ἦ
1851 1135 1966 1213 μὴν

363 1224 504 1294 ἕξειν
528 1223 658 1302 παρ’
688 1229 866 1304 ἕωυτῷ
887 1224 1014 1303 μηδ’
1043 1225 1282 1294 ἐξοίσειν
1304 1223 1501 1300 μηδενὶ
1533 1221 1833 1300 ἀνθρώπων
1857 1223 1965 1300 τήν

360 1310 474 1371 οἷπὸ
503 1311 698 1388 σφέων
722 1311 940 1389 άπάτην
971 1319 1027 1377 ἐς
1058 1312 1292 1390 Πέρσας
1314 1314 1627 1392 γεγονυῖαν·
1667 1309 1965 1390 ὖπισχνεύ·

359 1425 518 1476 μενοι
547 1399 621 1460 τοὶ
654 1399 838 1461 πάντα
870 1403 926 1461 οἵ
964 1402 1137 1478 μυρία
1173 1400 1391 1460 δώσειν.
1459 1398 1867 1476 ὑποδεκομένου
1904 1399 1966 1460 δὲ

359 1491 461 1546 τοῦ
498 1487 874 1564 Πρηξάσπεος
909 1487 1170 1563 ποιήσειν
1203 1492 1397 1558 ταῦτα,
1425 1486 1496 1550 ὥς
1530 1484 1834 1548 ἀνέπεισάν
1866 1512 1967 1565 μιν

361 1577 414 1634 οἱ
455 1574 666 1656 Μάγοι,
703 1576 928 1654 δεύτερα
967 1574 1345 1654 προσέφερον,
1379 1572 1540 1634 αὐτοὶ
1578 1599 1682 1651 μεν
1722 1574 1966 1651 φάμενοι

362 1663 595 1740 Πέρσας
614 1663 825 1727 πάντας
851 1663 1234 1746 συγκαλέειν“
1202 1689 1311 1724 υπο
1333 1662 1403 1722 vd
1430 1662 1742 1739 βασιλήϊον
1760 1666 1963 1743 τεῖχος,

363 1755 543 1812 κεῖνον
575 1751 621 1811 δ’
649 1751 904 1813 ἐκέλευον
935 1750 1289 1827 ἀναβάντα’
1264 1751 1358 1810 επὶ
1392 1749 1607 1831 πύργον
1640 1749 1963 1831 ἀγορεῦσαι,

361 1837 432 1902 ὥς
457 1838 566 1899 υπὸ
586 1843 686 1900 τοῦ
715 1840 905 1918 Κύρου
931 1837 1263 1917 Σμέρδιος”
1228 1863 1495 1919 αρχονται
1514 1863 1607 1897 και
1586 1836 1717 1897 υπ’
1741 1837 1962 1902 οὖδενὸς

361 1925 565 1987 ἄλλου.
630 1932 808 1989 ταῦτα
840 1929 901 1988 δὲ
938 1927 1080 1988 οὕτω
1113 1927 1487 1996 ἐνετέλλοντο,
1516 1925 1588 1989 ὦς
1604 1925 1965 1987 πιστοτάτου

355 2014 528 2091 δῆθεν
560 2014 748 2081 ἐόντος
784 2015 953 2078 αὐτοῦ
991 2020 1049 2076 ἐν
1075 2015 1359 2095 Πέρσῃσι,
1389 2015 1481 2074 καὶ
1516 2013 1795 2077 πολλάκις
1826 2013 1965 2074 αἶπο-

361 2102 660 2181 δεξαμένου
688 2104 913 2185 γνώμην
944 2103 1016 2168 ὥς
1046 2104 1261 2181 περιείη
1287 2103 1321 2163 ὅ
1356 2101 1547 2180 Κύρου
1584 2101 1838 2180 Σμέρδις,
1868 2101 1962 2162 καὶ

267 2191 340 2252 75
361 2191 810 2268 ἐξαρνησαμένου
853 2192 955 2252 τόν
993 2191 1175 2268 φόνον
1213 2190 1402 2251 αὐτοῦ·
1456 2187 1714 2265 Φαμένου
1760 2189 1821 2248 δὲ
1867 2191 1961 2250 καὶ

359 2283 538 2338 ταῦτα
569 2280 790 2356 ἑτοίμου
819 2279 959 2340 εἶναι
989 2277 1200 2340 ποιέειν
1223 2282 1325 2338 τοῦ
1351 2276 1728 2354 Πρηξάσπεω,
1757 2303 1963 2360 συγκα-

361 2365 630 2429 λέσαντες
667 2365 898 2443 Πέρσας
937 2369 992 2426 οἱ
1027 2365 1243 2446 Μάγοι,
1271 2364 1635 2442 ἀνεβίβασαν
1671 2364 1840 2425 αύτόν
1875 2367 1967 2426 ἐπὶ

361 2450 578 2532 πύργον
631 2453 722 2510 καὶ
765 2452 1050 2534 ἀγορεύειν
1095 2453 1371 2512 ἐκέλευον·
1425 2451 1458 2512 ὁ
1511 2453 1572 2512 δὲ
1615 2455 1727 2513 τῶν
1756 2467 1763 2473 ’
1772 2452 1967 2529 μέντοι

365 2542 564 2600 ἐκεῖνοι
598 2539 974 2616 προσεδέοντο
1013 2539 1200 2610 αὐτοῦ,
1227 2538 1435 2600 τούτων
1464 2541 1569 2616 μὲν
1601 2539 1737 2601 ἑκὼν
1768 2540 1967 2618 ἐπελή-

365 2629 514 2688 θετο·
563 2625 870 2706 ἀρξάμενος
909 2629 969 2688 δὲ
1005 2627 1119 2689 ‹in-<3
1159 2627 1521 2707 Ἀχαιμένεος
1558 2627 1969 2710 ἐγενεηλόγησε

361 2713 466 2790 τήν
490 2715 732 2792 πατριὴν
756 2716 860 2792 τήν
887 2716 1097 2795 Κύρου·
1130 2715 1275 2793 μετὰ
1303 2716 1377 2785 δὲ,
1406 2714 1480 2780 ὥς
1506 2719 1561 2778 ἐς
1584 2718 1787 2776 τοῦτον
1812 2715 1967 2776 κατέ·

360 2804 463 2878 βη,
517 2806 789 2864 τελευτῶν
850 2805 1010 2886 ἔλεγε
1065 2803 1181 2864 ὅσα
1240 2801 1428 2884 ἀγαθοὶ
1488 2807 1677 2881 Κῦρος
1735 2802 1969 2881 Πέρσας

360 2890 675 2967 πεποιήκοι·
719 2892 1012 2962 διεξελθών
1053 2893 1114 2952 δὲ
1152 2896 1344 2965 ταῦτα,
1390 2889 1647 2967 ἐξέφαινε
1684 2890 1791 2967 τήν
1829 2890 1966 2967 α’λη-

363 2979 541 3055 θηΐην,
585 2978 833 3057 φάμενος
871 2981 1146 3057 πρότερον
1185 2981 1289 3057 μὲν
1330 2978 1608 3055 κρύπτειν·
1656 2979 1722 3038 οὐ
1760 2978 1871 3059 γάρ
1914 2981 1969 3040 οἶ

363 3065 504 3126 εἶναι
531 3067 792 3145 ἀσφαλὲς
813 3067 1001 3150 λέγειν
1020 3068 1091 3127 τοὶ
1110 3066 1399 3148 γενόμενα·
1436 3071 1495 3126 ἐν
1514 3067 1575 3125 δὲ
1598 3070 1677 3144 τῷ
1702 3064 1969 3143 παρεόντι

363 3152 669 3236 ἀναγκαίην
692 3182 790 3233 μιν
817 3154 1277 3231 καταλαμβάνειν
1300 3155 1535 3230 φαίνειν.
1596 3154 1688 3211 καὶ
1714 3153 1783 3229 δή
1806 3156 1968 3234 ἔλεγε

360 3240 462 3302 τᾶν
498 3245 604 3320 μὲν
641 3243 834 3321 Κύρου
873 3243 1114 3320 Σμέρδιν
1158 3242 1229 3306 ὥς
1268 3242 1434 3304 ‹uh-ds-
1475 3239 1607 3300 ὖπό·
1630 3240 1967 3317 Καμβύσεω

362 3325 811 3409 ἀναγκαζόμενος
847 3330 1208 3401 ἀποκτείνειε,
1243 3329 1375 3392 τοί-ς
1415 3327 1651 3408 Μάγους
1690 3328 1751 3388 δὲ
1792 3329 1968 3404 βασι-
