2267 3517
287 116 383 162 188
899 114 1266 163 HPOAomo‘r
1782 112 1881 177 [11.

282 197 384 252 τοῦ
411 191 485 252 ὦν
512 193 581 269 δη
608 192 798 269 οὔρεος
822 192 1024 253 τούτου
1054 218 1210 270 παρα
1239 191 1345 268 τὴν
1369 191 1621 269 ὖπωρέην
1646 191 1813 268 ἦκται
1846 190 1889 269 η’

287 279 486 356 διώρυξ
520 280 614 339 ἀπ’
644 281 882 356 ἑσπέρης
912 279 1099 357 μακρὴ
1125 279 1270 357 πρὸς
1303 279 1405 355 τὴν
1432 280 1531 355 ήῶ·
1574 280 1666 339 καὶ
1698 282 1887 340 ἔπειτα

284 368 450 428 τείνει
488 373 542 431 ἐς
579 361 902 449 διασφάγας
929 367 1214 445 φερούσας
1246 366 1359 427 ‹in-<3
1394 373 1495 428 τοῦ
1528 365 1717 444 οὔρεος
1746 368 1887 446 πρός

287 456 655 533 μεσαμβρίην
679 481 742 516 τε
779 456 870 514 καὶ
902 455 1064 515 νότον
1091 453 1312 532 ἄνεμον,
1340 460 1395 519 ἐς
1423 454 1524 515 τὸν
1551 455 1765 515 κόλπον
1782 455 1887 516 ’τᾶν

285 540 572 620 Ἀράβιον.
641 547 714 622 τῇ
747 543 808 602 δὲ
842 541 1148 621 ἐλάχιστόν
1180 548 1303 603 ἐστι
1336 544 1428 603 καὶ
1459 543 1887 621 συντομώτατον

291 633 352 689 ἐκ
384 635 484 705 τῆς
517 632 756 708 βορηίης
787 630 1088 708 θαλάσσης
1119 629 1437 708 ὑπερβῆναι
1476 635 1531 694 ἐς
1563 631 1667 707 τὴν
1699 632 1887 708 νοτίην

291 718 382 776 καὶ
405 717 680 796 Ἐρυθρὴν
705 718 809 794 τὴν
835 717 1010 795 αὐτὴν
1035 718 1243 794 ταύτην
1270 719 1628 795 καλεομένην,
1651 718 1764 779 dv&
1783 721 1885 780 τοῦ

289 808 514 866 Κασίου
545 806 735 884 οὔρεος
768 810 868 866 τοῦ
903 805 1215 884 οὐρίζοντος
1245 806 1531 887 Αἴγυπτόν
1556 831 1617 866 τε
1654 808 1747 867 καὶ
1783 808 1886 872 Συ-

287 894 430 970 ρίην,
457 893 570 954 ‹in-<3
604 892 807 954 τούτου
843 894 955 954 εἶσὶ
989 894 1212 954 στάδιοι
1244 895 1422 974 χίλιοι
1458 892 1665 971 σ’,παρτὶ
1698 900 1754 958 ἐς
1786 894 1887 956 τόν

289 980 561 1059 Ἀράβιον
588 981 820 1043 κόλπον.
876 987 1042 1042 τοῦτο
1062 985 1173 1059 μὲν
1196 1009 1263 1043 το
1291 981 1735 1059 συντομώτατον·
1767 1009 1804 1060 η
1789 983 1887 1042 ’δὲ
1922 1019 1930 1025 -

291 1069 491 1179 διώρυξ
518 1074 718 1150 πολλῷ
741 1072 1058 1178 μακροτέρη
1085 1070 1203 1131 ὅσω
1230 1072 1627 1148 σκολιωτέρη’
1600 1072 1743 1131 εστί·
1782 1071 1887 1148 τήν

289 1158 382 1217 ἐπὶ
407 1162 572 1218 Νεκῶ
596 1157 932 1234 βασιλέος’
900 1158 1242 1235 ορύσσοντες
1259 1159 1575 1239 Αἰγυπτίων
1593 1157 1887 1220 ἀπώλοντο

288 1245 530 1305 δυώδεκα
557 1244 834 1323 μυριάδες.
902 1245 1097 1308 Νεκως
1127 1245 1233 1321 μέν
1258 1270 1355 1306 νυν
1382 1243 1659 1322 μεταξυ’
1628 1245 1886 1322 ορύσσων

289 1332 590 1403 ἐπαύσατο,
611 1333 880 1411 μαντηίου
907 1332 1174 1410 ἐμποδίου
1193 1333 1492 1414 γενομένου
1516 1333 1751 1406 τοιοῦδε,
1770 1337 1889 1414 ((τῷ

289 1420 569 1498 βαρβάρῳ
590 1418 758 1480 ath-<311
772 1419 1281 1500 ,προεργάζεσθαιρ
1310 1420 1643 1498 βαρβάρους
1668 1421 1728 1480 δὲ
1751 1421 1887 1484 πάν-

287 1533 389 1570 τας
416 1510 470 1566 oz
500 1505 796 1587 Αἰγύπτιοι
822 1509 1093 1567 καλέουσι
1114 1507 1250 1572 τοῦς
1278 1508 1360 1585 μή
1386 1509 1565 1585 σφίσι
1590 1507 1886 1590 ὁμογλώσ-

195 1597 309 1655 159
330 1619 485 1657 σους.
569 1593 945 1671 Παυσάμενος
996 1595 1058 1654 δὲ
1108 1598 1211 1670 τῆς
1264 1595 1532 1675 διώρυχος
1588 1595 1622 1657 ὁ
1675 1597 1885 1669 Νεκῶς,

289 1682 556 1761 ἐτράπετο
591 1681 732 1759 πρός
767 1683 1090 1760 στρατηίας·
1133 1684 1225 1742 καὶ
1261 1683 1523 1761 τριήρεες,
1556 1687 1619 1744 αἱ
1651 1687 1755 1761 μὲν
1794 1687 1887 1747 ἐπὶ

286 1774 360 1850 τῇ
384 1770 594 1848 βορηίῃ
617 1769 886 1848 θαλάσσῃ
910 1770 1275 1847 ἐποιήθησαν,
1298 1774 1356 1831 αἱ
1382 1769 1428 1830 δ’
1452 1777 1511 1832 ἐν
1533 1777 1610 1852 τῷ
1634 1771 1887 1854 Ἀραβίῳ

289 1857 481 1918 κόλπω
513 1859 603 1918 ἐπὶ
641 1863 714 1937 τῇ
745 1858 990 1938 Ἐρυθρῇ
1029 1858 1321 1938 θαλάσσῃ·
1361 1863 1477 1920 τῶν
1511 1861 1591 1919 ἔτι
1632 1863 1685 1921 οἱ
1724 1860 1887 1922 ὁλκοὶ

288 1919 561 2023 ἐπίδηλοι.
630 1947 722 2006 καὶ
760 1946 1003 2025 ταύτῃσί
1036 1973 1100 2007 τε
1138 1952 1341 2027 ἐχρᾶτο
1372 1952 1431 2008 ἐν
1454 1952 1538 2026 Ιτῷ
1561 1948 1764 2020 δέοντι,
1793 1950 1885 2010 καὶ

231 2107 238 2112 Ι
288 2034 522 2112 Σύροισι
550 2036 692 2114 πεζῇ
718 2034 750 2096 ὅ
783 2025 982 2100 Νεκῶς
1017 2035 1335 2112 συμβαλών
1372 2039 1432 2096 ἐν
1468 2036 1757 2117 Μαγδόλῳ
1784 2039 1885 2098 ἐνί·

287 2149 447 2200 κησε·
479 2124 622 2202 μετὰ
648 2125 708 2184 δὲ
733 2123 837 2200 τήν
861 2124 1066 2203 μάχην,
1099 2123 1347 2184 Κάδυτιν
1369 2123 1540 2185 πόλιν
1558 2129 1659 2200 τῆς
1686 2126 1887 2203 Συρίης

288 2216 492 2272 ἐοῦσαν
525 2211 782 2293 μεγάλην
814 2212 948 2271 εἷλε·
991 2217 1050 2271 ἐν
1082 2216 1155 2290 τῇ
1187 2211 1247 2270 δὲ
1284 2213 1482 2287 ἐσθ’ἣτι
1517 2213 1676 2292 ἔτυχε
1708 2217 1886 2275 ταῦτα
1931 2237 1933 2240 ’

289 2299 774 2378 κατεργασάμενος
814 2297 1048 2375 ανέθηκε
1084 2303 1163 2377 τῷ
1193 2297 1533 2369 Ἀπόλλωνι,
1564 2300 1791 2380 πέμψας
1831 2306 1886 2366 ἐς

287 2387 607 2496 Βραγχίδας
640 2385 740 2450 τοὶς
779 2388 1100 2463 Μιλησίων·
1142 2412 1287 2464 μετα
1323 2388 1399 2458 δὲ,
1438 2387 1725 2448 ἑκκαίδεκα
1761 2390 1886 2450 ἔτεα

250 2473 358 2534 .τᾶ
387 2473 572 2533 πάντα
607 2473 778 2551 αρξας
811 2477 1063 2556 τελευτᾷ,
1089 2478 1168 2555 τῷ
1183 2475 1348 2536 παιδὶ
1372 2475 1573 2554 Ψάμμι
1603 2477 1887 2556 παραδους

283 2562 386 2639 τήν
413 2559 610 2640 ἀρχήν·

195 2651 309 2710 160
365 2648 497 2708 Ἐπὶ
514 2653 713 2711 τοῦτον
733 2649 800 2727 δή
821 2676 922 2711 τον
939 2649 1173 2727 Ψάμμιν
1190 2650 1579 2728 βασιλεύοντα
1598 2652 1885 2734 Αἰγύπτου

285 2736 550 2798 ἀπίκοντο
585 2738 824 2798 Ἠλείων
854 2736 1047 2817 ανδρες
1077 2738 1330 2821 αγγελοι,
1358 2739 1651 2818 αὐχέοντες
1680 2741 1884 2803 δικαιό-

283 2851 426 2885 τατα
462 2826 554 2885 καὶ
590 2825 876 2887 κάλλιστα
907 2827 1122 2888 τιθέναι
1155 2853 1255 2888 τον
1291 2832 1350 2888 ἐν
1382 2827 1734 2938 Ὀλυμπίῃ’
1698 2834 1887 2912 αγῶνα

286 2914 507 2976 πάντων
548 2914 652 2976 αἷνθ
653 2915 865 2992 ρώπων,
909 2915 1002 2974 καὶ
1041 2915 1324 2981 δοκέοντες
1360 2943 1515 2995 παρα
1553 2922 1730 2977 ταῦτα
1772 2918 1885 2979 ουδ’

285 3022 354 3055 αν
400 3022 532 3061 τους
577 2994 942 3073 σοφωτάτους
992 2994 1295 3074 ἀνθρώπων
1340 3000 1675 3107 Αἰγυπτίους
1729 2999 1888 3060 ουδεν

287 3085 610 3162 ἐπεξευρεῖν·
692 3083 763 3148 ὥς
802 3084 862 3143 δὲ
902 3082 1230 3161 ἀπικόμενοι
1270 3089 1325 3148 ἐς
1363 3085 1467 3161 τὴν
1505 3087 1792 3167 Αἴγυπτον
1832 3089 1887 3147 οἶ

283 3168 504 3232 Ἠλεῖοι
530 3175 725 3254 ἔλεγον
747 3175 860 3232 τῶν
880 3171 1060 3232 εἵνεκα
1085 3171 1368 3243 ἀπίκοντο,
1392 3174 1627 3234 ἐνθαῦτα
1652 3173 1685 3233 ὁ
1710 3174 1884 3249 βασι·

284 3256 417 3320 >neoc
449 3257 610 3324 οὗτος
645 3258 1017 3339 συγκαλέεται
1043 3260 1361 3342 Αἰγυπτίων
1393 3258 1523 3324 τούς
1546 3260 1885 3340 λεγομένους
