<?xml version="1.0" encoding="UTF-8"?>
<!DOCTYPE html PUBLIC "-//W3C//DTD XHTML 1.0 Transitional//EN"
    "http://www.w3.org/TR/xhtml1/DTD/xhtml1-transitional.dtd">
<html xmlns="http://www.w3.org/1999/xhtml" xml:lang="en" lang="en">
 <head>
  <title>
</title>
<meta http-equiv="Content-Type" content="text/html;charset=utf-8" />
  <meta name='ocr-system' content='tesseract 3.04.00' />
  <meta name='ocr-capabilities' content='ocr_page ocr_carea ocr_par ocr_line ocrx_word'/>
</head>
<body>
  <div class='ocr_page' id='page_1' title='image "./herodotus05blakgoog_0185.png"; bbox 0 0 2267 3517; ppageno 0'>
   <div class='ocr_carea' id='block_1_1' title="bbox 368 143 2068 3376">
    <p class='ocr_par' dir='ltr' id='par_1_1' title="bbox 368 143 2068 3376">
     <span class='ocr_line' id='line_1_1' title="bbox 373 143 1968 211; baseline -0.001 -15"><span class='ocrx_word' id='word_1_1' title='bbox 373 144 659 211; x_wconf 80' lang='grc'><strong>135-137]</strong></span> <span class='ocrx_word' id='word_1_2' title='bbox 1025 143 1352 194; x_wconf 74' lang='lat' dir='ltr'>E&#39;H&#39;EPIIH.</span> <span class='ocrx_word' id='word_1_3' title='bbox 1872 144 1968 197; x_wconf 79' lang='lat'>175</span> 
     </span>
     <span class='ocr_line' id='line_1_2' title="bbox 368 220 1974 305; baseline 0.001 -21"><span class='ocrx_word' id='word_1_4' title='bbox 368 222 627 284; x_wconf 83' lang='grc' dir='ltr'>Ἑλλάδα</span> <span class='ocrx_word' id='word_1_5' title='bbox 666 224 898 305; x_wconf 78' lang='grc' dir='ltr'>ἐγένετο,</span> <span class='ocrx_word' id='word_1_6' title='bbox 938 220 1131 300; x_wconf 82' lang='grc' dir='ltr'>ἧσσον</span> <span class='ocrx_word' id='word_1_7' title='bbox 1170 223 1231 283; x_wconf 81' lang='grc' dir='ltr'>δὲ</span> <span class='ocrx_word' id='word_1_8' title='bbox 1268 228 1370 299; x_wconf 78' lang='grc' dir='ltr'>τῆς</span> <span class='ocrx_word' id='word_1_9' title='bbox 1407 227 1594 301; x_wconf 77' lang='grc' dir='ltr'>ἑτέρης</span> <span class='ocrx_word' id='word_1_10' title='bbox 1634 224 1974 305; x_wconf 75' lang='grc' dir='ltr'>περιλεσχή-</span> 
     </span>
     <span class='ocr_line' id='line_1_3' title="bbox 372 310 1973 389; baseline 0 -16"><span class='ocrx_word' id='word_1_11' title='bbox 372 338 578 376; x_wconf 84' lang='grc' dir='ltr'>νευτος·</span> <span class='ocrx_word' id='word_1_12' title='bbox 660 311 921 389; x_wconf 81' lang='grc' dir='ltr'>Χάραξος</span> <span class='ocrx_word' id='word_1_13' title='bbox 952 312 1011 371; x_wconf 80' lang='grc' dir='ltr'>δὲ</span> <span class='ocrx_word' id='word_1_14' title='bbox 1038 311 1109 376; x_wconf 76' lang='grc' dir='ltr'>ὥς</span> <span class='ocrx_word' id='word_1_15' title='bbox 1140 310 1457 389; x_wconf 85' lang='grc' dir='ltr'>λυσάμενος</span> <span class='ocrx_word' id='word_1_16' title='bbox 1479 311 1752 372; x_wconf 80' lang='grc' dir='ltr'>Ῥοδῶπιν</span> <span class='ocrx_word' id='word_1_17' title='bbox 1777 311 1973 373; x_wconf 83' lang='grc' dir='ltr'>οἷπενό-</span> 
     </span>
     <span class='ocr_line' id='line_1_4' title="bbox 372 400 1976 477; baseline -0.001 -15"><span class='ocrx_word' id='word_1_18' title='bbox 372 427 559 477; x_wconf 83' lang='grc' dir='ltr'>στησε</span> <span class='ocrx_word' id='word_1_19' title='bbox 625 405 681 473; x_wconf 73' lang='grc' dir='ltr'>ἐς</span> <span class='ocrx_word' id='word_1_20' title='bbox 746 400 1094 476; x_wconf 82' lang='grc' dir='ltr'>Μυτιλήνην,</span> <span class='ocrx_word' id='word_1_21' title='bbox 1150 404 1209 460; x_wconf 84' lang='grc' dir='ltr'>ἐν</span> <span class='ocrx_word' id='word_1_22' title='bbox 1274 400 1437 476; x_wconf 80' lang='grc' dir='ltr'>μέλεϊ</span> <span class='ocrx_word' id='word_1_23' title='bbox 1493 400 1714 476; x_wconf 62' lang='grc' dir='ltr'>Σαπφοῖ</span> <span class='ocrx_word' id='word_1_24' title='bbox 1780 400 1976 460; x_wconf 83' lang='grc' dir='ltr'>πολλοὶ</span> 
     </span>
     <span class='ocr_line' id='line_1_5' title="bbox 374 486 1973 569; baseline 0.001 -21"><span class='ocrx_word' id='word_1_25' title='bbox 374 488 821 569; x_wconf 80' lang='grc' dir='ltr'>κατεκερτόμησέ</span> <span class='ocrx_word' id='word_1_26' title='bbox 867 514 986 567; x_wconf 91' lang='grc' dir='ltr'>μιν.</span> <span class='ocrx_word' id='word_1_27' title='bbox 1065 486 1368 552; x_wconf 66' lang='grc' dir='ltr'>Ῥοδώπιος</span> <span class='ocrx_word' id='word_1_28' title='bbox 1412 488 1518 565; x_wconf 84' lang='grc' dir='ltr'>μέν</span> <span class='ocrx_word' id='word_1_29' title='bbox 1561 513 1660 549; x_wconf 88' lang='grc' dir='ltr'>νυν</span> <span class='ocrx_word' id='word_1_30' title='bbox 1704 489 1834 567; x_wconf 85' lang='grc' dir='ltr'>πέρι</span> <span class='ocrx_word' id='word_1_31' title='bbox 1876 490 1973 549; x_wconf 84' lang='grc' dir='ltr'>πέ-</span> 
     </span>
     <span class='ocr_line' id='line_1_6' title="bbox 371 603 1930 654; baseline -0.003 -17"><span class='ocrx_word' id='word_1_32' title='bbox 371 603 603 654; x_wconf 85' lang='grc' dir='ltr'>παυμαι.</span> <span class='ocrx_word' id='word_1_33' title='bbox 1921 624 1930 633; x_wconf 94' lang='grc'>.</span> 
     </span>
     <span class='ocr_line' id='line_1_7' title="bbox 453 662 2068 746; baseline 0.001 -21"><span class='ocrx_word' id='word_1_34' title='bbox 453 664 617 727; x_wconf 82' lang='grc' dir='ltr'>Μετσῖ</span> <span class='ocrx_word' id='word_1_35' title='bbox 644 666 705 726; x_wconf 77' lang='grc' dir='ltr'>δὲ</span> <span class='ocrx_word' id='word_1_36' title='bbox 731 666 1047 743; x_wconf 83' lang='grc' dir='ltr'>Μυκερῖνον</span> <span class='ocrx_word' id='word_1_37' title='bbox 1071 663 1338 746; x_wconf 82' lang='grc' dir='ltr'>γενέσθαι</span> <span class='ocrx_word' id='word_1_38' title='bbox 1364 662 1653 745; x_wconf 75' lang='grc' dir='ltr'>Αἰγύπτου</span> <span class='ocrx_word' id='word_1_39' title='bbox 1679 665 1934 740; x_wconf 84' lang='grc' dir='ltr'>βασιλέα</span> <span class='ocrx_word' id='word_1_40' title='bbox 1953 667 2068 727; x_wconf 87' lang='grc'>136</span> 
     </span>
     <span class='ocr_line' id='line_1_8' title="bbox 372 750 1972 835; baseline 0.001 -23"><span class='ocrx_word' id='word_1_41' title='bbox 372 753 571 835; x_wconf 82' lang='grc' dir='ltr'>ἔλεγον</span> <span class='ocrx_word' id='word_1_42' title='bbox 610 757 665 814; x_wconf 82' lang='grc' dir='ltr'>οἱ</span> <span class='ocrx_word' id='word_1_43' title='bbox 706 755 847 832; x_wconf 77' lang='grc' dir='ltr'>ἱρέες</span> <span class='ocrx_word' id='word_1_44' title='bbox 893 751 1164 830; x_wconf 76' lang='grc' dir='ltr'>Σάσυχιν,</span> <span class='ocrx_word' id='word_1_45' title='bbox 1209 750 1310 813; x_wconf 78' lang='grc' dir='ltr'>τᾶν</span> <span class='ocrx_word' id='word_1_46' title='bbox 1354 751 1429 812; x_wconf 77' lang='grc' dir='ltr'>τὰ</span> <span class='ocrx_word' id='word_1_47' title='bbox 1471 752 1614 830; x_wconf 84' lang='grc' dir='ltr'>πρός</span> <span class='ocrx_word' id='word_1_48' title='bbox 1653 751 1819 828; x_wconf 84' lang='grc' dir='ltr'>ἥλιον</span> <span class='ocrx_word' id='word_1_49' title='bbox 1859 752 1972 814; x_wconf 79' lang='grc' dir='ltr'>οἶνί-</span> 
     </span>
     <span class='ocr_line' id='line_1_9' title="bbox 374 840 1975 921; baseline 0.001 -20"><span class='ocrx_word' id='word_1_50' title='bbox 374 866 590 919; x_wconf 85' lang='grc' dir='ltr'>σχοντα</span> <span class='ocrx_word' id='word_1_51' title='bbox 640 845 881 918; x_wconf 85' lang='grc' dir='ltr'>ποιῆσαι</span> <span class='ocrx_word' id='word_1_52' title='bbox 932 844 1010 921; x_wconf 75' lang='grc' dir='ltr'>τῷ</span> <span class='ocrx_word' id='word_1_53' title='bbox 1060 840 1364 920; x_wconf 79' lang='grc' dir='ltr'>Ἡφαίστῳ</span> <span class='ocrx_word' id='word_1_54' title='bbox 1416 840 1757 919; x_wconf 85' lang='grc' dir='ltr'>προπύλαια,</span> <span class='ocrx_word' id='word_1_55' title='bbox 1815 840 1975 902; x_wconf 85' lang='grc' dir='ltr'>ε’όντα</span> 
     </span>
     <span class='ocr_line' id='line_1_10' title="bbox 372 929 1975 1010; baseline 0.001 -22"><span class='ocrx_word' id='word_1_56' title='bbox 372 934 572 1009; x_wconf 74' lang='grc' dir='ltr'>πολλῷ</span> <span class='ocrx_word' id='word_1_57' title='bbox 594 956 657 990; x_wconf 91' lang='grc' dir='ltr'>τε</span> <span class='ocrx_word' id='word_1_58' title='bbox 692 930 976 991; x_wconf 84' lang='grc' dir='ltr'>κάλλιστα</span> <span class='ocrx_word' id='word_1_59' title='bbox 1012 929 1107 989; x_wconf 87' lang='grc' dir='ltr'>καὶ</span> <span class='ocrx_word' id='word_1_60' title='bbox 1143 932 1342 1008; x_wconf 74' lang='grc' dir='ltr'>πολλῷ</span> <span class='ocrx_word' id='word_1_61' title='bbox 1376 930 1634 1010; x_wconf 88' lang='grc' dir='ltr'>μέγιστα.</span> <span class='ocrx_word' id='word_1_62' title='bbox 1722 930 1838 1007; x_wconf 82' lang='grc' dir='ltr'>ἔχει</span> <span class='ocrx_word' id='word_1_63' title='bbox 1871 931 1975 1007; x_wconf 78' lang='grc' dir='ltr'>μὲν</span> 
     </span>
     <span class='ocr_line' id='line_1_11' title="bbox 371 1017 1974 1099; baseline -0.001 -22"><span class='ocrx_word' id='word_1_64' title='bbox 371 1017 485 1099; x_wconf 70' lang='grc' dir='ltr'>γάρ</span> <span class='ocrx_word' id='word_1_65' title='bbox 522 1019 615 1077; x_wconf 82' lang='grc' dir='ltr'>καὶ</span> <span class='ocrx_word' id='word_1_66' title='bbox 649 1018 721 1078; x_wconf 68' lang='grc' dir='ltr'>τσῖ</span> <span class='ocrx_word' id='word_1_67' title='bbox 756 1017 941 1079; x_wconf 86' lang='grc' dir='ltr'>πάντα</span> <span class='ocrx_word' id='word_1_68' title='bbox 978 1017 1306 1095; x_wconf 80' lang='grc' dir='ltr'>προπύλαια</span> <span class='ocrx_word' id='word_1_69' title='bbox 1335 1017 1542 1080; x_wconf 81' lang='grc' dir='ltr'>τύπους</span> <span class='ocrx_word' id='word_1_70' title='bbox 1573 1040 1637 1077; x_wconf 84' lang='grc' dir='ltr'>τε</span> <span class='ocrx_word' id='word_1_71' title='bbox 1669 1020 1974 1097; x_wconf 82' lang='grc' dir='ltr'>ἐγγεγλυμ-</span> 
     </span>
     <span class='ocr_line' id='line_1_12' title="bbox 371 1102 1974 1183; baseline 0.001 -20"><span class='ocrx_word' id='word_1_72' title='bbox 371 1106 569 1180; x_wconf 83' lang='grc' dir='ltr'>μένους</span> <span class='ocrx_word' id='word_1_73' title='bbox 595 1106 687 1164; x_wconf 84' lang='grc' dir='ltr'>καὶ</span> <span class='ocrx_word' id='word_1_74' title='bbox 712 1103 899 1181; x_wconf 70' lang='grc' dir='ltr'>ἄλλην</span> <span class='ocrx_word' id='word_1_75' title='bbox 918 1102 1051 1183; x_wconf 80' lang='grc' dir='ltr'>ὄψιν</span> <span class='ocrx_word' id='word_1_76' title='bbox 1069 1102 1526 1182; x_wconf 80' lang='grc' dir='ltr'>οἰκοδομημάτων</span> <span class='ocrx_word' id='word_1_77' title='bbox 1550 1104 1766 1181; x_wconf 87' lang='grc' dir='ltr'>μυρίην,</span> <span class='ocrx_word' id='word_1_78' title='bbox 1793 1108 1974 1164; x_wconf 80' lang='grc' dir='ltr'>ἐκεῖνα</span> 
     </span>
     <span class='ocr_line' id='line_1_13' title="bbox 374 1190 1972 1271; baseline 0.002 -20"><span class='ocrx_word' id='word_1_79' title='bbox 374 1192 435 1251; x_wconf 86' lang='grc' dir='ltr'>δὲ</span> <span class='ocrx_word' id='word_1_80' title='bbox 475 1194 566 1251; x_wconf 83' lang='grc' dir='ltr'>καὶ</span> <span class='ocrx_word' id='word_1_81' title='bbox 596 1197 789 1271; x_wconf 77' lang='grc' dir='ltr'>μακρῷ</span> <span class='ocrx_word' id='word_1_82' title='bbox 825 1193 1101 1270; x_wconf 87' lang='grc' dir='ltr'>μάλιστα.</span> <span class='ocrx_word' id='word_1_83' title='bbox 1185 1192 1278 1251; x_wconf 76' lang='grc' dir='ltr'>ἐπὶ</span> <span class='ocrx_word' id='word_1_84' title='bbox 1311 1191 1510 1252; x_wconf 85' lang='grc' dir='ltr'>τούτου</span> <span class='ocrx_word' id='word_1_85' title='bbox 1545 1190 1972 1268; x_wconf 78' lang='grc' dir='ltr'>βασιλεύοντος,</span> 
     </span>
     <span class='ocr_line' id='line_1_14' title="bbox 374 1278 1974 1361; baseline 0.001 -22"><span class='ocrx_word' id='word_1_86' title='bbox 374 1280 587 1361; x_wconf 82' lang='grc' dir='ltr'>ἔλεγον,</span> <span class='ocrx_word' id='word_1_87' title='bbox 614 1279 834 1355; x_wconf 79' lang='grc' dir='ltr'>ἀμιξίης</span> <span class='ocrx_word' id='word_1_88' title='bbox 875 1280 1075 1355; x_wconf 77' lang='grc' dir='ltr'>ἐούσης</span> <span class='ocrx_word' id='word_1_89' title='bbox 1105 1284 1332 1356; x_wconf 88' lang='grc' dir='ltr'>πολλῆς</span> <span class='ocrx_word' id='word_1_90' title='bbox 1366 1278 1683 1358; x_wconf 86' lang='grc' dir='ltr'>χρημάτων,</span> <span class='ocrx_word' id='word_1_91' title='bbox 1709 1279 1974 1360; x_wconf 88' lang='grc' dir='ltr'>γενέσθαι</span> 
     </span>
     <span class='ocr_line' id='line_1_15' title="bbox 373 1367 1973 1449; baseline 0 -22"><span class='ocrx_word' id='word_1_92' title='bbox 373 1367 549 1444; x_wconf 86' lang='grc' dir='ltr'>νόμον</span> <span class='ocrx_word' id='word_1_93' title='bbox 582 1368 959 1449; x_wconf 87' lang='grc' dir='ltr'>Αἰγυπτίοισι,</span> <span class='ocrx_word' id='word_1_94' title='bbox 997 1367 1396 1429; x_wconf 77' lang='grc' dir='ltr'>ἀποδεικνύντα</span> <span class='ocrx_word' id='word_1_95' title='bbox 1437 1368 1694 1447; x_wconf 79' lang='grc' dir='ltr'>ἐνέχυρον</span> <span class='ocrx_word' id='word_1_96' title='bbox 1728 1371 1830 1427; x_wconf 82' lang='grc' dir='ltr'>τοῦ</span> <span class='ocrx_word' id='word_1_97' title='bbox 1869 1393 1973 1427; x_wconf 84' lang='grc' dir='ltr'>πα-</span> 
     </span>
     <span class='ocr_line' id='line_1_16' title="bbox 370 1454 1973 1536; baseline 0.001 -20"><span class='ocrx_word' id='word_1_98' title='bbox 370 1454 503 1532; x_wconf 79' lang='grc' dir='ltr'>τρός</span> <span class='ocrx_word' id='word_1_99' title='bbox 541 1456 642 1517; x_wconf 82' lang='grc' dir='ltr'>τὸν</span> <span class='ocrx_word' id='word_1_100' title='bbox 672 1456 832 1517; x_wconf 82' lang='grc' dir='ltr'>νέκυν</span> <span class='ocrx_word' id='word_1_101' title='bbox 873 1456 1015 1517; x_wconf 78' lang='grc' dir='ltr'>οὕτω</span> <span class='ocrx_word' id='word_1_102' title='bbox 1055 1455 1373 1534; x_wconf 78' lang='grc' dir='ltr'>λαμβάνειν</span> <span class='ocrx_word' id='word_1_103' title='bbox 1396 1455 1677 1536; x_wconf 60' lang='grc' dir='ltr'>τδχρέος·</span> <span class='ocrx_word' id='word_1_104' title='bbox 1736 1481 1973 1534; x_wconf 79' lang='grc' dir='ltr'>προστε-</span> 
     </span>
     <span class='ocr_line' id='line_1_17' title="bbox 372 1543 1973 1625; baseline 0 -20"><span class='ocrx_word' id='word_1_105' title='bbox 372 1545 537 1620; x_wconf 82' lang='grc' dir='ltr'>θῆναι</span> <span class='ocrx_word' id='word_1_106' title='bbox 577 1544 638 1605; x_wconf 79' lang='grc' dir='ltr'>δὲ</span> <span class='ocrx_word' id='word_1_107' title='bbox 678 1545 757 1605; x_wconf 82' lang='grc' dir='ltr'>ἔτι</span> <span class='ocrx_word' id='word_1_108' title='bbox 795 1544 972 1625; x_wconf 85' lang='grc' dir='ltr'>τούτῳ</span> <span class='ocrx_word' id='word_1_109' title='bbox 1010 1548 1089 1624; x_wconf 78' lang='grc' dir='ltr'>τῷ</span> <span class='ocrx_word' id='word_1_110' title='bbox 1126 1544 1280 1624; x_wconf 87' lang='grc' dir='ltr'>νόμῳ</span> <span class='ocrx_word' id='word_1_111' title='bbox 1316 1543 1492 1615; x_wconf 87' lang='grc' dir='ltr'>τόνδε,</span> <span class='ocrx_word' id='word_1_112' title='bbox 1520 1544 1620 1604; x_wconf 74' lang='grc' dir='ltr'>τᾶν</span> <span class='ocrx_word' id='word_1_113' title='bbox 1647 1543 1868 1605; x_wconf 85' lang='grc' dir='ltr'>διδόντα</span> <span class='ocrx_word' id='word_1_114' title='bbox 1905 1543 1973 1605; x_wconf 66' lang='lat' dir='ltr'>vd</span> 
     </span>
     <span class='ocr_line' id='line_1_18' title="bbox 368 1632 1976 1711; baseline 0.002 -19"><span class='ocrx_word' id='word_1_115' title='bbox 368 1634 536 1711; x_wconf 86' lang='grc' dir='ltr'>χρέος</span> <span class='ocrx_word' id='word_1_116' title='bbox 582 1634 676 1694; x_wconf 82' lang='grc' dir='ltr'>καὶ</span> <span class='ocrx_word' id='word_1_117' title='bbox 722 1633 949 1710; x_wconf 73' lang='grc' dir='ltr'>ἁπάσης</span> <span class='ocrx_word' id='word_1_118' title='bbox 994 1633 1243 1710; x_wconf 84' lang='grc' dir='ltr'>κρατέειν</span> <span class='ocrx_word' id='word_1_119' title='bbox 1288 1635 1389 1708; x_wconf 83' lang='grc' dir='ltr'>τῆς</span> <span class='ocrx_word' id='word_1_120' title='bbox 1433 1635 1535 1694; x_wconf 83' lang='grc' dir='ltr'>τοῦ</span> <span class='ocrx_word' id='word_1_121' title='bbox 1581 1632 1976 1709; x_wconf 79' lang='grc' dir='ltr'>λαμβάνοντος</span> 
     </span>
     <span class='ocr_line' id='line_1_19' title="bbox 372 1718 1976 1802; baseline -0.001 -20"><span class='ocrx_word' id='word_1_122' title='bbox 372 1722 565 1799; x_wconf 82' lang='grc' dir='ltr'>θήκης·</span> <span class='ocrx_word' id='word_1_123' title='bbox 624 1726 703 1802; x_wconf 78' lang='grc' dir='ltr'>τῷ</span> <span class='ocrx_word' id='word_1_124' title='bbox 742 1722 803 1782; x_wconf 80' lang='grc' dir='ltr'>δὲ</span> <span class='ocrx_word' id='word_1_125' title='bbox 840 1720 1161 1781; x_wconf 76' lang='grc' dir='ltr'>ὖποτιθέντι</span> <span class='ocrx_word' id='word_1_126' title='bbox 1198 1723 1365 1780; x_wconf 78' lang='grc' dir='ltr'>τοῦτο</span> <span class='ocrx_word' id='word_1_127' title='bbox 1404 1719 1472 1779; x_wconf 76' lang='grc' dir='ltr'>τὰ</span> <span class='ocrx_word' id='word_1_128' title='bbox 1514 1720 1772 1799; x_wconf 77' lang='grc' dir='ltr'>ἐνέχυρον</span> <span class='ocrx_word' id='word_1_129' title='bbox 1811 1718 1976 1796; x_wconf 82' lang='grc' dir='ltr'>τήνδε</span> 
     </span>
     <span class='ocr_line' id='line_1_20' title="bbox 370 1806 1972 1887; baseline 0.002 -19"><span class='ocrx_word' id='word_1_130' title='bbox 370 1814 583 1870; x_wconf 82' lang='grc' dir='ltr'>ε’πεῖναι</span> <span class='ocrx_word' id='word_1_131' title='bbox 613 1810 814 1887; x_wconf 84' lang='grc' dir='ltr'>ζημίην</span> <span class='ocrx_word' id='word_1_132' title='bbox 846 1808 928 1886; x_wconf 78' lang='grc' dir='ltr'><em>μή</em></span> <span class='ocrx_word' id='word_1_133' title='bbox 967 1808 1302 1887; x_wconf 72' lang='grc' dir='ltr'>βουλομένῳ</span> <span class='ocrx_word' id='word_1_134' title='bbox 1341 1806 1644 1868; x_wconf 80' lang='grc' dir='ltr'>α’,ποδοῧναι</span> <span class='ocrx_word' id='word_1_135' title='bbox 1681 1807 1748 1869; x_wconf 76' lang='grc' dir='ltr'>τό</span> <span class='ocrx_word' id='word_1_136' title='bbox 1789 1809 1972 1887; x_wconf 86' lang='grc' dir='ltr'>χρέος,</span> 
     </span>
     <span class='ocr_line' id='line_1_21' title="bbox 368 1894 1977 1977; baseline -0.001 -20"><span class='ocrx_word' id='word_1_137' title='bbox 368 1897 500 1974; x_wconf 89' lang='grc' dir='ltr'>μήτ’</span> <span class='ocrx_word' id='word_1_138' title='bbox 528 1896 673 1977; x_wconf 76' lang='grc' dir='ltr'>αύτῷ</span> <span class='ocrx_word' id='word_1_139' title='bbox 701 1899 885 1975; x_wconf 81' lang='grc' dir='ltr'>ἐκείνῳ</span> <span class='ocrx_word' id='word_1_140' title='bbox 919 1896 1320 1971; x_wconf 84' lang='grc' dir='ltr'>τελευτήσαντι</span> <span class='ocrx_word' id='word_1_141' title='bbox 1357 1894 1496 1955; x_wconf 85' lang='grc' dir='ltr'>εἶναι</span> <span class='ocrx_word' id='word_1_142' title='bbox 1519 1899 1709 1971; x_wconf 81' lang='grc' dir='ltr'>ταφῆς</span> <span class='ocrx_word' id='word_1_143' title='bbox 1735 1899 1977 1973; x_wconf 81' lang='grc' dir='ltr'>κυρῆσαι</span> 
     </span>
     <span class='ocr_line' id='line_1_22' title="bbox 370 1981 1976 2064; baseline -0.002 -19"><span class='ocrx_word' id='word_1_144' title='bbox 370 1983 501 2060; x_wconf 85' lang='grc' dir='ltr'>μήτ’</span> <span class='ocrx_word' id='word_1_145' title='bbox 554 1990 613 2045; x_wconf 76' lang='grc' dir='ltr'>ἐν</span> <span class='ocrx_word' id='word_1_146' title='bbox 661 1985 845 2062; x_wconf 78' lang='grc' dir='ltr'>ἐκείνῳ</span> <span class='ocrx_word' id='word_1_147' title='bbox 895 1987 973 2062; x_wconf 74' lang='grc' dir='ltr'>τῷ</span> <span class='ocrx_word' id='word_1_148' title='bbox 1024 1983 1261 2062; x_wconf 73' lang='grc' dir='ltr'>πατρῴῳ</span> <span class='ocrx_word' id='word_1_149' title='bbox 1313 1982 1476 2063; x_wconf 86' lang='grc' dir='ltr'>τάφῳ</span> <span class='ocrx_word' id='word_1_150' title='bbox 1524 1981 1653 2059; x_wconf 81' lang='grc' dir='ltr'>μήτ’</span> <span class='ocrx_word' id='word_1_151' title='bbox 1704 1986 1762 2042; x_wconf 79' lang='grc' dir='ltr'>ἐν</span> <span class='ocrx_word' id='word_1_152' title='bbox 1815 1981 1976 2064; x_wconf 78' lang='grc' dir='ltr'>ἄλλῳ</span> 
     </span>
     <span class='ocr_line' id='line_1_23' title="bbox 371 2067 1974 2150; baseline -0.001 -20"><span class='ocrx_word' id='word_1_153' title='bbox 371 2072 583 2146; x_wconf 82' lang='grc' dir='ltr'>μηδενὶ,</span> <span class='ocrx_word' id='word_1_154' title='bbox 611 2071 753 2148; x_wconf 86' lang='grc' dir='ltr'>μήτε</span> <span class='ocrx_word' id='word_1_155' title='bbox 793 2071 975 2131; x_wconf 75' lang='grc' dir='ltr'>ἄλλον</span> <span class='ocrx_word' id='word_1_156' title='bbox 1005 2070 1218 2148; x_wconf 89' lang='grc' dir='ltr'>μηδένα</span> <span class='ocrx_word' id='word_1_157' title='bbox 1250 2074 1362 2132; x_wconf 78' lang='grc' dir='ltr'>τῶν</span> <span class='ocrx_word' id='word_1_158' title='bbox 1403 2073 1602 2131; x_wconf 76' lang='grc' dir='ltr'>ἑωυτοῦ</span> <span class='ocrx_word' id='word_1_159' title='bbox 1635 2067 1974 2150; x_wconf 78' lang='grc' dir='ltr'>α’,πογενόμε-</span> 
     </span>
     <span class='ocr_line' id='line_1_24' title="bbox 374 2156 1975 2236; baseline 0.001 -20"><span class='ocrx_word' id='word_1_160' title='bbox 374 2182 471 2218; x_wconf 91' lang='grc' dir='ltr'>νον</span> <span class='ocrx_word' id='word_1_161' title='bbox 522 2158 719 2236; x_wconf 86' lang='grc' dir='ltr'>θάψαι.</span> <span class='ocrx_word' id='word_1_162' title='bbox 799 2157 1234 2236; x_wconf 76' lang='grc' dir='ltr'>ὖπερβαλέσθαι</span> <span class='ocrx_word' id='word_1_163' title='bbox 1271 2158 1332 2218; x_wconf 82' lang='grc' dir='ltr'>δὲ</span> <span class='ocrx_word' id='word_1_164' title='bbox 1370 2156 1725 2235; x_wconf 84' lang='grc' dir='ltr'>βουλόμενον</span> <span class='ocrx_word' id='word_1_165' title='bbox 1776 2161 1975 2219; x_wconf 84' lang='grc' dir='ltr'>τοῦτον</span> 
     </span>
     <span class='ocr_line' id='line_1_25' title="bbox 372 2244 1976 2327; baseline 0.002 -24"><span class='ocrx_word' id='word_1_166' title='bbox 372 2244 473 2306; x_wconf 84' lang='grc' dir='ltr'>τόν</span> <span class='ocrx_word' id='word_1_167' title='bbox 505 2247 761 2322; x_wconf 87' lang='grc' dir='ltr'>βασιλέα</span> <span class='ocrx_word' id='word_1_168' title='bbox 798 2246 929 2311; x_wconf 80' lang='grc' dir='ltr'>τούς</span> <span class='ocrx_word' id='word_1_169' title='bbox 968 2246 1242 2324; x_wconf 88' lang='grc' dir='ltr'>πρότερον</span> <span class='ocrx_word' id='word_1_170' title='bbox 1267 2249 1468 2307; x_wconf 78' lang='grc' dir='ltr'>ἑωυτοῦ</span> <span class='ocrx_word' id='word_1_171' title='bbox 1500 2246 1784 2323; x_wconf 84' lang='grc' dir='ltr'>βασιλέας</span> <span class='ocrx_word' id='word_1_172' title='bbox 1820 2270 1976 2327; x_wconf 81' lang='grc' dir='ltr'>’γενο-</span> 
     </span>
     <span class='ocr_line' id='line_1_26' title="bbox 372 2332 1975 2417; baseline 0.001 -24"><span class='ocrx_word' id='word_1_173' title='bbox 372 2332 571 2408; x_wconf 82' lang='grc' dir='ltr'>μένους</span> <span class='ocrx_word' id='word_1_174' title='bbox 614 2333 919 2417; x_wconf 86' lang='grc' dir='ltr'>Αἰγύπτου,</span> <span class='ocrx_word' id='word_1_175' title='bbox 964 2334 1328 2411; x_wconf 87' lang='grc' dir='ltr'>μνημόσυνον</span> <span class='ocrx_word' id='word_1_176' title='bbox 1367 2334 1653 2412; x_wconf 83' lang='grc' dir='ltr'>πυραμίδα</span> <span class='ocrx_word' id='word_1_177' title='bbox 1704 2335 1975 2396; x_wconf 86' lang='grc' dir='ltr'>λιπέσθαι</span> 
     </span>
     <span class='ocr_line' id='line_1_27' title="bbox 374 2422 1976 2504; baseline 0.002 -24"><span class='ocrx_word' id='word_1_178' title='bbox 374 2424 437 2480; x_wconf 81' lang='grc' dir='ltr'>ἐκ</span> <span class='ocrx_word' id='word_1_179' title='bbox 481 2422 729 2484; x_wconf 86' lang='grc' dir='ltr'>πλίνθων</span> <span class='ocrx_word' id='word_1_180' title='bbox 772 2423 1109 2498; x_wconf 85' lang='grc' dir='ltr'>ποιήσαντα·</span> <span class='ocrx_word' id='word_1_181' title='bbox 1180 2426 1241 2483; x_wconf 78' lang='grc' dir='ltr'>ἐν</span> <span class='ocrx_word' id='word_1_182' title='bbox 1279 2425 1350 2501; x_wconf 79' lang='grc' dir='ltr'>τῇ</span> <span class='ocrx_word' id='word_1_183' title='bbox 1390 2422 1699 2504; x_wconf 86' lang='grc' dir='ltr'>γράμματα</span> <span class='ocrx_word' id='word_1_184' title='bbox 1737 2426 1796 2482; x_wconf 80' lang='grc' dir='ltr'>ἐν</span> <span class='ocrx_word' id='word_1_185' title='bbox 1834 2423 1976 2503; x_wconf 86' lang='grc' dir='ltr'>λίθῳ</span> 
     </span>
     <span class='ocr_line' id='line_1_28' title="bbox 374 2509 1973 2591; baseline 0.001 -23"><span class='ocrx_word' id='word_1_186' title='bbox 374 2512 825 2590; x_wconf 80' lang='grc' dir='ltr'>ἐγκεκολαμμένα</span> <span class='ocrx_word' id='word_1_187' title='bbox 863 2510 997 2571; x_wconf 86' lang='grc' dir='ltr'>τάδε</span> <span class='ocrx_word' id='word_1_188' title='bbox 1035 2509 1278 2591; x_wconf 83' lang='grc' dir='ltr'>λέγοντά</span> <span class='ocrx_word' id='word_1_189' title='bbox 1319 2516 1462 2570; x_wconf 82' lang='grc' dir='ltr'>ἐστι·</span> <span class='ocrx_word' id='word_1_190' title='bbox 1516 2515 1640 2569; x_wconf 93' lang='grc' dir='ltr'>ΜΗ</span> <span class='ocrx_word' id='word_1_191' title='bbox 1683 2516 1798 2569; x_wconf 85' lang='grc' dir='ltr'>ΜΕ</span> <span class='ocrx_word' id='word_1_192' title='bbox 1840 2516 1973 2569; x_wconf 90' lang='grc' dir='ltr'>ΚΑ-</span> 
     </span>
     <span class='ocr_line' id='line_1_29' title="bbox 371 2599 1977 2665; baseline 0 -9"><span class='ocrx_word' id='word_1_193' title='bbox 371 2600 813 2665; x_wconf 76' lang='grc' dir='ltr'>ΤΟΝΟΣΘΗιΣ</span> <span class='ocrx_word' id='word_1_194' title='bbox 854 2600 1067 2664; x_wconf 75' lang='grc' dir='ltr'>ΠΡΟΣ</span> <span class='ocrx_word' id='word_1_195' title='bbox 1112 2599 1266 2663; x_wconf 55' lang='lat' dir='ltr'>TA}</span> <span class='ocrx_word' id='word_1_196' title='bbox 1305 2599 1632 2663; x_wconf 76' lang='grc' dir='ltr'><strong>ΛῙΘῙΝΑΣ</strong></span> <span class='ocrx_word' id='word_1_197' title='bbox 1674 2604 1977 2657; x_wconf 85' lang='grc' dir='ltr'>ΠΥΡΑΜ-</span> 
     </span>
     <span class='ocr_line' id='line_1_30' title="bbox 372 2687 1972 2757; baseline 0.001 -14"><span class='ocrx_word' id='word_1_198' title='bbox 372 2687 579 2751; x_wconf 78' lang='grc' dir='ltr'><strong>ῙΔΑΣ.</strong></span> <span class='ocrx_word' id='word_1_199' title='bbox 662 2692 987 2747; x_wconf 82' lang='grc' dir='ltr'>ΠΡΟΕΧΩ</span> <span class='ocrx_word' id='word_1_200' title='bbox 1012 2692 1162 2747; x_wconf 85' lang='grc' dir='ltr'>ΓΑΡ</span> <span class='ocrx_word' id='word_1_201' title='bbox 1189 2690 1500 2745; x_wconf 83' lang='grc' dir='ltr'>ΑΥΤΕΩΝ</span> <span class='ocrx_word' id='word_1_202' title='bbox 1537 2687 1972 2757; x_wconf 76' lang='grc' dir='ltr'>ΤΟΣΟΥΤΟΝ,</span> 
     </span>
     <span class='ocr_line' id='line_1_31' title="bbox 370 2772 1972 2840; baseline 0.001 -8"><span class='ocrx_word' id='word_1_203' title='bbox 370 2772 605 2839; x_wconf 65' lang='grc' dir='ltr'>ὈΣΟΝ</span> <span class='ocrx_word' id='word_1_204' title='bbox 628 2773 699 2834; x_wconf 69' lang='lat'>‘0</span> <span class='ocrx_word' id='word_1_205' title='bbox 741 2776 933 2840; x_wconf 76' lang='grc' dir='ltr'>ΖΕΥΣ</span> <span class='ocrx_word' id='word_1_206' title='bbox 969 2778 1129 2834; x_wconf 84' lang='grc' dir='ltr'>ΤΩΝ</span> <span class='ocrx_word' id='word_1_207' title='bbox 1157 2779 1430 2834; x_wconf 85' lang='grc' dir='ltr'><strong>ΑΛΑΩΝ</strong></span> <span class='ocrx_word' id='word_1_208' title='bbox 1463 2780 1692 2835; x_wconf 81' lang='grc' dir='ltr'><strong>ΘΕΩΝ.</strong></span> <span class='ocrx_word' id='word_1_209' title='bbox 1779 2780 1972 2834; x_wconf 87' lang='grc' dir='ltr'><strong>ΚΟΝ-</strong></span> 
     </span>
     <span class='ocr_line' id='line_1_32' title="bbox 371 2860 1976 2932; baseline 0.001 -12"><span class='ocrx_word' id='word_1_210' title='bbox 371 2866 496 2921; x_wconf 85' lang='grc' dir='ltr'>ΤΩι</span> <span class='ocrx_word' id='word_1_211' title='bbox 555 2868 704 2923; x_wconf 88' lang='grc' dir='ltr'>ΓΑΡ</span> <span class='ocrx_word' id='word_1_212' title='bbox 764 2860 1410 2927; x_wconf 78' lang='grc' dir='ltr'>ὙΠΟΤΥΠΤΟΝΤΕΣ</span> <span class='ocrx_word' id='word_1_213' title='bbox 1470 2864 1571 2927; x_wconf 77' lang='grc' dir='ltr'>ΕΣ</span> <span class='ocrx_word' id='word_1_214' title='bbox 1629 2867 1976 2932; x_wconf 86' lang='lat' dir='ltr'>AIMNHN,</span> 
     </span>
     <span class='ocr_line' id='line_1_33' title="bbox 369 2948 1974 3028; baseline -0.001 -19"><span class='ocrx_word' id='word_1_215' title='bbox 369 2948 439 3009; x_wconf 70' lang='lat' dir='ltr'>‘O</span> <span class='ocrx_word' id='word_1_216' title='bbox 478 2956 557 3010; x_wconf 85' lang='lat' dir='ltr'>TI</span> <span class='ocrx_word' id='word_1_217' title='bbox 600 2951 1053 3015; x_wconf 75' lang='grc' dir='ltr'>ΠΡΟΣΧΟῙΤΟ</span> <span class='ocrx_word' id='word_1_218' title='bbox 1095 2954 1252 3009; x_wconf 84' lang='grc' dir='ltr'>ΤΟΥ</span> <span class='ocrx_word' id='word_1_219' title='bbox 1297 2955 1578 3028; x_wconf 83' lang='grc' dir='ltr'>ΠΗΑΟΥ</span> <span class='ocrx_word' id='word_1_220' title='bbox 1617 2955 1740 3010; x_wconf 60' lang='lat' dir='ltr'>TO&amp;</span> <span class='ocrx_word' id='word_1_221' title='bbox 1781 2954 1974 3009; x_wconf 88' lang='lat' dir='ltr'>KON-</span> 
     </span>
     <span class='ocr_line' id='line_1_34' title="bbox 370 3036 1972 3108; baseline -0.001 -13"><span class='ocrx_word' id='word_1_222' title='bbox 370 3043 492 3096; x_wconf 86' lang='grc' dir='ltr'>ΤΩι</span> <span class='ocrx_word' id='word_1_223' title='bbox 568 3043 821 3097; x_wconf 79' lang='grc' dir='ltr'>ΤΟΥΤΟ</span> <span class='ocrx_word' id='word_1_224' title='bbox 904 3038 1486 3108; x_wconf 74' lang='grc' dir='ltr'>ΣΥΛΛΕΓΟΝΤΕΣ,</span> <span class='ocrx_word' id='word_1_225' title='bbox 1564 3036 1972 3101; x_wconf 74' lang='grc' dir='ltr'>ΠΛῙΝΘΟΥΣ</span> 
     </span>
     <span class='ocr_line' id='line_1_35' title="bbox 368 3122 1974 3195; baseline 0.001 -12"><span class='ocrx_word' id='word_1_226' title='bbox 368 3127 730 3195; x_wconf 78' lang='grc' dir='ltr'>ΕῙΡΥΣΑΝ,</span> <span class='ocrx_word' id='word_1_227' title='bbox 778 3130 921 3185; x_wconf 88' lang='grc' dir='ltr'>ΚΑΙ</span> <span class='ocrx_word' id='word_1_228' title='bbox 962 3132 1077 3185; x_wconf 84' lang='grc' dir='ltr'>ΜΕ</span> <span class='ocrx_word' id='word_1_229' title='bbox 1119 3130 1410 3184; x_wconf 83' lang='grc' dir='ltr'>ΤΡΟΠΩι</span> <span class='ocrx_word' id='word_1_230' title='bbox 1449 3128 1808 3183; x_wconf 85' lang='grc' dir='ltr'>ΤΟῙΟΥΤΩι</span> <span class='ocrx_word' id='word_1_231' title='bbox 1849 3122 1974 3185; x_wconf 75' lang='grc' dir='ltr'>ΕΞ·</span> 
     </span>
     <span class='ocr_line' id='line_1_36' title="bbox 368 3208 1913 3289; baseline -0.004 -16"><span class='ocrx_word' id='word_1_232' title='bbox 368 3214 809 3279; x_wconf 79' lang='grc' dir='ltr'><strong>ΕΠΟΙΗΣΑΝ.</strong></span> <span class='ocrx_word' id='word_1_233' title='bbox 881 3215 1081 3273; x_wconf 81' lang='grc' dir='ltr'>τοῦτον</span> <span class='ocrx_word' id='word_1_234' title='bbox 1105 3215 1210 3289; x_wconf 82' lang='grc' dir='ltr'>μὲν</span> <span class='ocrx_word' id='word_1_235' title='bbox 1233 3215 1486 3272; x_wconf 80' lang='grc' dir='ltr'>τοσαῦτα</span> <span class='ocrx_word' id='word_1_236' title='bbox 1511 3208 1913 3277; x_wconf 73' lang='grc' dir='ltr'>ἀποδέξασθαι.</span> 
     </span>
     <span class='ocr_line' id='line_1_37' title="bbox 450 3294 2044 3376; baseline -0.006 -12"><span class='ocrx_word' id='word_1_237' title='bbox 450 3302 617 3364; x_wconf 69' lang='grc' dir='ltr'>Μετὰ</span> <span class='ocrx_word' id='word_1_238' title='bbox 656 3302 718 3361; x_wconf 85' lang='grc' dir='ltr'>δὲ</span> <span class='ocrx_word' id='word_1_239' title='bbox 754 3305 957 3361; x_wconf 82' lang='grc' dir='ltr'>τοῦτον</span> <span class='ocrx_word' id='word_1_240' title='bbox 996 3301 1350 3376; x_wconf 81' lang='grc' dir='ltr'>βασιλεῦσαι</span> <span class='ocrx_word' id='word_1_241' title='bbox 1387 3296 1564 3372; x_wconf 75' lang='grc' dir='ltr'>ἄνδρα</span> <span class='ocrx_word' id='word_1_242' title='bbox 1607 3294 1832 3369; x_wconf 78' lang='grc' dir='ltr'>τυφλὸν</span> <span class='ocrx_word' id='word_1_243' title='bbox 1871 3295 1934 3365; x_wconf 76' lang='grc' dir='ltr'>ἐξ</span> <span class='ocrx_word' id='word_1_244' title='bbox 1953 3294 2044 3358; x_wconf 74' lang='lat'>13‘</span> 
     </span>
    </p>
   </div>
   <div class='ocr_carea' id='block_1_2' title="bbox 1951 3363 2012 3477">
    <p class='ocr_par' dir='ltr' id='par_1_2' title="bbox 1951 3363 2012 3477">
     <span class='ocr_line' id='line_1_38' title="bbox 1951 3363 2012 3477; baseline 0 0"><span class='ocrx_word' id='word_1_245' title='bbox 1951 3363 2012 3477; x_wconf 73' lang='grc' dir='ltr'><strong><em>Δ</em></strong></span> 
     </span>
    </p>
   </div>
  </div>
 </body>
</html>
