2267 3517
369 152 650 219 157-161]
1059 153 1287 205 mmm.
1902 152 1967 206 ⁷9

371 234 528 297 δόναι
551 231 820 309 Πακτύην
839 233 1126 311 Πέρσῃσι·
1168 232 1310 310 πρὸς
1332 236 1509 294 ταῦτα
1534 230 1567 293 ὅ
1590 231 1971 310 Ἀριστόδικος

373 328 436 383 ἐκ
476 322 739 400 προνοίης
782 321 962 381 ἐποίεε
1001 318 1154 380 τάδε·
1209 320 1433 398 περιϊών
1471 320 1571 381 τᾶν
1613 319 1747 397 νηόν
1788 319 1971 401 κύκλῳ

375 411 584 489 ἐξαίρεε
618 408 747 474 τούς
780 408 1086 487 στρουθσιῖς
1124 410 1216 469 καὶ
1248 408 1403 469 ἄλλα
1442 408 1555 470 ὅσα
1584 408 1654 486 ἦν
1680 434 1970 470 νενοσσευ-

372 500 516 578 μένα
553 497 786 576 ὀρνίθων
821 498 985 580 γένεα
1025 502 1084 557 ἐν
1118 501 1197 576 τῷ
1230 501 1359 577 νηῷ·
1398 498 1685 561 ποιέοντος
1716 497 1777 556 δὲ
1802 496 1971 557 αὐτοῦ

374 591 564 657 ταῦτα,
606 586 833 667 λέγεται
873 584 1064 662 φωνὴν
1101 590 1163 644 ἐκ
1202 589 1301 645 τοῦ
1334 584 1537 646 ἀδύτου
1564 587 1844 667 γενέσθαι,
1872 586 1974 661 φέ-

374 700 588 753 ρουσαν
605 677 710 751 μὲν
733 673 876 752 πρὸς
900 671 1000 733 τᾶν
1025 672 1413 751 Ἀριστόδικον
1436 673 1719 754 λέγουσαν
1744 672 1972 734 δὲτάδε·

375 761 756 841 *(ἀνοσιῶτατε
779 759 1101 839 ἀνθρώπων,
1110 761 1173 821 τί
1192 760 1325 821 τάδε
1346 764 1565 841 τολμᾷς
1577 762 1818 832 ποιέειν;
1844 760 1974 825 τοῦς

377 850 558 914 ἱκέτας
591 875 704 928 μου
739 853 800 909 ἐκ
830 852 932 909 τοῦ
961 853 1096 926 νηοῦ
1123 849 1387 928 κεραΐζεις
1406 847 1453 919 ;”
1493 848 1879 927 Ἀριστόδικον
1912 849 1975 909 δὲ

376 937 476 999 ούκ
512 936 894 1016 ἀπορήσαντα,
931 938 1074 1015 πρὸς
1111 942 1290 998 ταῦτα
1327 939 1517 997 εἰπεῖν·
1561 947 1598 973 “
1614 937 1775 1009 ὦναξ,
1808 936 1973 1002 αύτός

374 1028 478 1103 μὲν
523 1024 666 1087 οὕτω
705 1030 860 1088 τοῖσι
903 1026 1118 1106 ἱκέτῃσι
1156 1026 1430 1102 βοηθέεις,
1472 1025 1759 1101 Κυμαίους
1797 1026 1857 1085 δὲ
1888 1050 1974 1084 κε-

374 1113 555 1177 λεύεις
603 1114 704 1175 τόν
748 1114 932 1191 ἱκέτην
975 1111 1245 1173 ἐκδιδόναι
1264 1112 1313 1183 ;”
1367 1112 1469 1173 τόν
1510 1112 1571 1172 δὲ
1624 1112 1779 1176 αὖτις
1820 1111 1974 1189 ἀμεί·

376 1203 599 1280 ψασθαι
633 1202 844 1263 τοῖσδε·
899 1210 936 1237 “
951 1202 1042 1261 ναὶ
1082 1199 1304 1273 κελεύω,
1344 1201 1434 1261 ἵνα
1471 1226 1541 1282 γε
1580 1198 1973 1277 ἀσεβήσαντες

377 1290 600 1351 θᾶσσον
639 1288 956 1367 ἀπόλησθε·
1009 1315 1083 1354 ως
1120 1288 1203 1367 μή
1242 1287 1310 1349 ro*
1350 1288 1557 1350 λοιπόν
1587 1288 1716 1366 περὶ
1758 1288 1975 1349 ἱκετέων

379 1376 628 1442 ἐκδόσιος
669 1378 867 1456 ἔλθητε
908 1378 1000 1438 ἐπὶ
1047 1404 1116 1438 το
1168 1376 1531 1458 χρηστήριον.
1532 1375 1563 1395 ”
1626 1380 1817 1436 Ταῦτα
1862 1375 1934 1439 ὥς
1952 1376 2068 1437 160

377 1464 785 1546 ἀπενειχθέντα
807 1464 1060 1542 ἤκουσαν
1101 1469 1158 1527 οἱ
1212 1468 1477 1543 Κυμαῖοι,
1523 1463 1589 1524 ού
1633 1454 1977 1542 βουλόμενοι

377 1552 506 1615 οὔτε
531 1554 777 1617 ἐκδόντες
807 1553 1125 1615 ἀπολέσθαι
1152 1552 1279 1614 οὔτε
1310 1552 1439 1631 παρ’
1469 1556 1723 1613 ἑωυτοῖσι
1758 1553 1978 1632 εχοντες

375 1642 888 1722 πολιορκέεσθαι,’
860 1668 918 1706 ες
947 1636 1280 1719 Μυτιλήνην
1306 1640 1475 1702 αὖτόν
1514 1642 1977 1718 ἐκπέμπουσι·οἱ

375 1730 438 1791 δὲ
475 1734 867 1807 Μυτιληναῖοι,
901 1730 1312 1807 ἐπιπέμποντος
1347 1733 1449 1789 τοῦ
1485 1728 1781 1805 Μαζάρεος
1810 1726 1976 1809 ἀγγε-

373 1820 503 1883 λίας
555 1818 826 1879 ἐκδιδόναι
875 1843 976 1880 τον
1015 1816 1301 1895 Πακτύην,
1352 1816 1833 1895 παρεσκευάζοντο
1885 1814 1977 1875 ἐπὶ

373 1907 621 1988 μισθῷ
590 1933 707 1988 οσῳ
733 1906 822 1982 δή·
864 1905 931 1967 ού
953 1933 1064 1988 γαρ
1092 1907 1201 1984 ἔχω
1225 1904 1393 1966 τοῦτό
1410 1931 1479 1987 γε
1500 1908 1671 1964 εἰπεῖν
1690 1903 1977 1982 ἀτρεκέως·

376 1995 443 2056 οὗ
472 1997 584 2078 ’γὰρ
626 1995 918 2071 ἐτελεώθη·
972 1996 1223 2073 Κυμαῖοι
1266 1970 1379 2076 γάρ
1431 1991 1504 2056 ὥς
1549 1992 1757 2068 ἔμαθον
1800 1995 1979 2051 ταῦτα

375 2081 750 2162 πρησσόμενα
776 2087 838 2141 ἐκ
861 2085 972 2143 τῷν
995 2081 1409 2158 Μυτιληναίων,
1428 2080 1749 2157 πέμψαντες
1771 2080 1978 2139 πλοῖον

378 2174 436 2233 ἐς
467 2171 704 2247 Λέσβον
741 2170 1096 2247 ἐκκομίζουσι
1132 2168 1401 2246 Πακτύην
1431 2173 1488 2231 ἐς
1524 2167 1685 2227 Χίον·
1728 2166 1977 2229 ἐνθεῦτεν

377 2257 456 2327 δὲ,
495 2258 558 2327 ἐξ
581 2260 704 2335 ἱροῦ
743 2255 1041 2333 Ἀθηναίης
1079 2256 1407 2336 Πολιούχου
1438 2254 1832 2317 ἀποσπασθεὶς
1865 2253 1976 2315 ύπό

377 2347 531 2406 Χίων
561 2344 808 2420 ἐξεδόθη·
850 2344 1114 2414 ἐξέδοσαν
1147 2345 1209 2405 δὲ
1244 2348 1299 2405 οἱ
1328 2348 1463 2404 Χῖοι
1496 2344 1588 2403 ἐπὶ
1611 2346 1689 2422 τῷ
1721 2340 1987 2419 Ἀταρνέῖ.

375 2433 582 2513 μισθῷ·
640 2437 742 2494 τοῦ
784 2432 846 2493 δὲ
887 2431 1185 2511 Ἀταρνέος
1228 2431 1429 2492 τούτου
1480 2431 1605 2493 ἐστὶ
1654 2433 1835 2509 χῶρος
1872 2433 1977 2507 τῆς

378 2523 622 2597 Μυσίης,
662 2522 902 2598 Λέσβου
941 2520 1145 2584 ἀντίος.
1211 2518 1480 2595 Πακτύην
1515 2519 1621 2597 μέν
1659 2544 1757 2579 νυν
1800 2542 1976 2596 παρα-

376 2607 666 2686 δεξάμενοι
716 2611 798 2669 οἱ*
821 2610 1046 2688 Πέρσαι
1100 2607 1253 2688 εἶχον
1305 2612 1364 2667 ἐν
1419 2610 1665 2686 φυλακῇ,
1716 2606 1978 2670 θέλοντες

378 2694 547 2776 Κύρῳ
587 2696 873 2767 ἀποδέξαι.
941 2695 1013 2772 ἦν
1057 2696 1118 2755 δὲ
1160 2694 1363 2775 χρόνος
1414 2694 1574 2757 οὗτος
1625 2693 1727 2754 οὐκ
1776 2693 1971 2776 ὀλίγος

374 2783 686 2864 γενόμενος,
714 2784 807 2845 ὅτε
841 2785 994 2845 Χίων
1025 2783 1202 2847 οὐδεὶς
1232 2788 1295 2843 ἐκ
1324 2787 1427 2843 τοῦ
1458 2781 1753 2861 Ἀταρνέος
1774 2780 1975 2843 τούτου

377 2870 506 2932 οὔτε
546 2871 718 2935 σῦλοὶς
757 2874 959 2950 κριθῶν
996 2871 1279 2951 πρόχυσιν
1322 2870 1569 2932 ἐποιέετο
1608 2871 1747 2931 θεῶν
1777 2868 1973 2940 οὐδενὶ)

377 2984 504 3021 ουτε
537 2960 806 3038 πέμματα
846 2960 1123 3021 ἐπέσσετο
1161 2962 1376 3037 καρποῦ
1398 2963 1503 3019 τοῦ
1528 2957 1856 3027 ἐνθεῦτεν,’
1820 2957 1973 3016 απεί-

373 3047 510 3127 χετό
547 3072 610 3109 τε
648 3052 759 3108 τῶν
792 3046 1014 3109 πάντων
1054 3050 1187 3126 ἱρῶν
1222 3045 1297 3106 τοὶ
1334 3045 1518 3143 πάντα
1557 3050 1619 3106 ἐκ
1656 3050 1757 3120 τῆς
1786 3068 1973 3123 χωρης

372 3134 578 3213 ταύτης
600 3134 884 3219 γινόμενα.

453 3228 589 3286 Χῖοι
603 3224 727 3303 ·με’ν
755 3248 854 3286 νυν
890 3220 1161 3298 Πακτύην
1193 3219 1489 3291 ἐξέδοσαν.
1558 3214 1831 3292 Μαζάρης
1867 3214 1930 3275 δε
1948 3216 2060 3276 161

369 3310 514 3391 μετὰ
537 3316 715 3375 ταῦτα
729 3308 1096 3391 ἐστρατεύετο
1111 3308 1206 3369 ἐπὶ
1219 3331 1350 3371 τους
1364 3300 1967 3382 συμπολιορκήσαντας
