2267 3517
363 147 514 212 3—7]
942 148 1395 198 MEAHOMExH.
1868 151 1961 198 281

359 231 620 304 ποταμοῦ
665 227 961 308 θυγατέρα·
1042 228 1233 310 γένεος
1272 230 1376 305 μὲν
1416 225 1671 288 τοιούτου
1711 225 1781 303 δή
1818 254 1971 292 τινος

361 316 627 396 γενέσθαι
656 314 757 375 τόν
787 317 1119 396 Ταργίταον,
1150 315 1353 375 τούτου
1380 316 1439 374 δὲ
1474 317 1738 396 γενέσθαι
1769 317 1971 380 παῖδας

361 408 524 480 τρεῖς,
567 403 886 472 Λειπόξαῖν,
915 405 1008 462 καὶ
1046 403 1367 480 Ἀρπόξαϊν,
1411 404 1503 461 καὶ
1542 403 1815 464 νεώτατον
1855 411 1967 463 Ko-

363 492 580 562 λάξαῖν·
625 492 718 550 ἐπὶ
753 491 960 551 τούτων
992 491 1277 570 ἀρχόντων
1315 496 1375 550 ἐκ
1411 494 1511 550 τοῦ
1539 491 1773 568 οὐρανοῦ
1803 491 1967 568 φερό-

362 605 503 656 μενα
548 579 765 658 χρύσεα
808 579 1111 655 ποιήματα,
1154 578 1391 656 ἄροτρόν
1430 605 1493 639 τε
1536 580 1627 638 καὶ
1671 580 1836 660 ζυγὸν
1877 580 1972 639 καὶ

364 666 607 748 σάγαριν
647 667 740 726 καὶ
783 665 1013 743 φιάλην,
1043 667 1266 727 πεσέειν
1304 673 1360 730 ἐς
1394 666 1502 741 τήν
1524 667 1835 743 ’Σκυθικήν
1879 669 1971 727 καὶ

362 759 472 814 τῶν
516 755 701 815 ἰδόντα
741 759 962 832 πρῶτον
1000 754 1102 815 τόν
1140 754 1557 831 πρεσβύτατον,
1606 754 1793 816 ἆσσον
1834 757 1970 815 ἰέναι

363 843 716 919 βουλόμενον
756 841 898 904 αὐτὰ
938 845 1167 918 λαβεῖν·
1227 842 1327 902 τόν
1367 843 1427 902 δὲ
1464 842 1680 921 χρυσόν
1721 843 1972 907 ἐπιόντος

367 931 642 990 καίεσθαι·
689 929 1157 1011 ἀπαλλαχθέντος
1197 930 1259 990 δὲ
1297 929 1495 991 τούτου
1534 931 1829 1009 προσιέναι
1866 932 1970 993 τόν

367 1017 636 1095 δεύτερον,
666 1020 760 1078 καὶ
798 1018 900 1079 τόν
939 1018 1096 1081 αὖτις
1124 1017 1303 1078 ταύτᾶ.
1343 1019 1567 1079 ποιέειν·
1608 1019 1738 1082 τοῦς
1772 1022 1875 1096 μὲν
1902 1020 1970 1096 δὴ

368 1104 660 1183 καιόμενον
685 1106 788 1166 τόν
821 1105 1040 1187 χρυσόν
1075 1106 1433 1177 άπώσασθαι,
1459 1107 1625 1185 τρίτῳ
1651 1107 1711 1165 δὲ
1745 1111 1821 1185 τῷ
1847 1132 1971 1166 νεω-

365 1192 514 1272 τάτῳ
540 1193 832 1256 ἐπελθόντι
861 1195 1242 1271 κατασβῆναι·
1284 1195 1381 1252 καί
1394 1219 1493 1270 μιν
1514 1199 1719 1254 ἐκεῖνον
1740 1196 1972 1271 κομίσαι

369 1285 426 1344 ε’ς
465 1284 682 1350 ἑωυτοῦ,
726 1283 819 1340 καὶ
859 1282 986 1345 τούς
1024 1283 1448 1360 πρεσβυτέρους
1486 1281 1795 1358 α’,δελφεοῦς
1833 1280 1973 1358 πρός

366 1371 544 1428 ταῦτα
569 1369 930 1450 συγγνόντας,
951 1369 1057 1447 τῆν
1074 1371 1393 1446 βασιληΐην
1412 1373 1605 1431 πᾶσαν
1631 1370 1972 1446 παραδοῦναι

367 1460 446 1534 τῷ
471 1456 738 1536 νεωτάτῳ.
821 1457 964 1518 ’An-6
1017 1461 1122 1534 μὲν
1180 1458 1248 1534 δὴ
1302 1459 1637 1528 Λειποξάῖος
1686 1459 1974 1540 γεγονέναι
1991 1461 2025 1518 6

367 1542 597 1608 τούτους
641 1550 752 1606 τῶν
790 1546 1045 1610 Σκυθέων
1077 1544 1132 1605 οἳ
1163 1544 1421 1625 Αύχάταὶ
1455 1546 1615 1627 γένος
1658 1547 1971 1607 καλέονται·

303 1701 310 1707 ,
369 1631 482 1693 dm)
525 1633 584 1693 δὲ
623 1637 724 1693 τοῦ
762 1634 944 1710 μέσου
983 1632 1045 1693 Ἀ
1051 1632 1319 1712 ρποξάῖος
1364 1635 1420 1695 οἳ
1464 1636 1746 1712 Κατίαροί
1780 1661 1841 1694 τε
1883 1635 1975 1694 καὶ

369 1721 653 1798 Τράσπιες
706 1721 1018 1782 καλέονται·
1075 1721 1189 1781 oin-6
1244 1722 1304 1781 δὲ
1342 1727 1443 1783 τοῦ
1483 1723 1754 1783 νεωτάτου
1795 1721 1976 1782 αὐτῶν

369 1807 499 1873 τούς
537 1811 831 1885 βασιλῆας
863 1809 918 1869 οἳ
957 1809 1255 1870 καλέονται
1294 1810 1651 1887 Παραλάται·
1708 1810 1972 1887 σύμπασι

371 1897 430 1956 δὲ
458 1897 596 1957 εἶναι
623 1897 835 1975 οὕνομα
862 1888 1196 1966 Σκολότους,
1216 1901 1317 1957 τοῦ
1333 1898 1612 1972 βασιλέος
1639 1897 1969 1973 ἐπωνυμίην·

374 1983 591 2048 Σκύθας
616 1985 676 2043 δὲ
691 1984 973 2060 Ἕλληνες
1004 1983 1347 2061 οὕνόμασαν.
1429 1984 1725 2064 Γεγονέναι
1750 1985 1855 2061 μέν
1880 1983 1976 2044 νύν
1992 1985 2028 2046 7

374 2077 557 2145 σφεας
597 2069 702 2130 ὦδε
731 2073 970 2154 λέγουσι
997 2074 1051 2131 οἱ
1087 2071 1320 2134 Σκύθαι·
1362 2072 1487 2131 ἔτεα
1514 2071 1576 2130 δέ
1609 2077 1738 2145 σφι,
1768 2072 1892 2130 ἐπεί
1911 2097 1975 2130 τε

372 2156 659 2238 γεγόνασι,
685 2159 758 2218 τοὶ
794 2160 1100 2236 σύμπαντα
1126 2160 1364 2240 λέγουσι
1402 2159 1541 2220 εἶναι
1566 2158 1678 2218 οἷπό
1706 2162 1805 2218 τοῦ
1830 2159 1975 2236 πρώ-

373 2271 474 2305 του
512 2247 800 2322 βασιλῆος
839 2247 1157 2329 Ταργιτάου
1199 2253 1253 2311 ἐς
1291 2248 1395 2323 τὴν
1423 2247 1663 2324 Δαρείου
1704 2246 1976 2323 διάβασιν

373 2332 477 2408 τῆν
504 2335 597 2392 ἐπὶ
622 2335 808 2409 σφέας
831 2337 1029 2443 χιλίων
1056 2335 1120 2395 οὗ
1148 2337 1320 2405 πλέω,
1339 2335 1502 2394 ’ἅλλοί
1528 2338 1800 2395 τοσαῦτα.
1876 2334 1977 2396 τόν

375 2421 434 2480 δὲ
459 2421 677 2500 χρυσόν
700 2425 900 2482 τοῦτον
923 2422 1024 2483 τᾶν
1057 2423 1178 2501 ἶρὸν
1204 2423 1579 2500 φυλάσσουσι
1604 2449 1659 2482 οι
1693 2425 1979 2499 βασιλῆες

377 2514 432 2572 ἐς
469 2509 540 2568 τοὶ
575 2509 848 2586 μάλιστα,
877 2510 970 2569 καὶ
1009 2511 1244 2589 θυσίῃσι
1282 2509 1571 2590 μεγάλῃσι
1613 2511 1978 2586 ἱλασκόμενοι

375 2597 739 2676 μετέρχονται
764 2597 870 2664 <ivd
894 2603 1009 2659 πᾶν
1037 2600 1175 2662 ἔτος·
1218 2597 1279 2662 ὃς
1305 2596 1413 2658 δ’
1379 2625 1447 2658 αν
1475 2600 1613 2678 ἔχων
1636 2599 1737 2659 τόν
1760 2597 1980 2677 χρυσόν

374 2683 474 2746 τόν
515 2685 634 2761 ιρόν
667 2690 727 2744 ἐν
763 2689 837 2764 τῇ
878 2685 1015 2764 ὁρτῇ
1055 2685 1349 2762 υπαίθριος
1388 2688 1788 2764 κατακοιμηθῇ,
1818 2712 1979 2750 ουτος

375 2772 668 2854 λέγεται
634 2773 746 2832 υπὸ
787 2773 1043 2837 Σκυθέων
1081 2773 1147 2833 ού
1191 2774 1580 2845 διενιαυτίζειν·
1623 2774 1879 2834 δίδοσθαι
1918 2774 1984 2833 δέ

377 2886 432 2919 οι
459 2859 550 2919 δια
579 2863 746 2920 τοῦτο
780 2859 894 2921 ὅσα
925 2887 992 2920 αν
1027 2861 1175 2940 ἵππω
1208 2865 1267 2921 ἐν
1304 2861 1489 2940 ημέρῃ
1526 2865 1631 2941 μιῇ
1669 2860 1981 2940 περιελάσῃ

378 2946 564 3010 αὖτός·
631 2952 734 3024 τῆς
779 2948 840 3008 δὲ
884 2947 1068 3028 χώρης
1115 2948 1317 3025 ἐούσης
1361 2949 1629 3031 μεγάλης,
1676 2949 1983 3025 τριφασίας

376 3035 478 3098 τὰς
501 3031 816 3112 βασιληῑας
840 3039 993 3097 τοῖσι
1018 3039 1185 3096 παισὶ
1212 3041 1365 3097 τοῖσι
1392 3040 1591 3097 ἑωυτοῦ
1627 3033 1981 3109 καταστήσα-

380 3123 519 3183 σθαι
545 3123 854 3197 Κολάξαῖν,
885 3124 977 3182 καὶ
1009 3125 1246 3184 τουτέων
1269 3125 1405 3201 μίαν
1444 3123 1719 3202 μεγίστην
1743 3126 1984 3197 ποιῆσαι

379 3215 439 3271 ἐν
463 3215 536 3290 τῇ
570 3210 670 3272 τὸν
703 3211 922 3292 χρυσὸν
960 3211 1389 3287 φυλάσσεσθαι.
1470 3208 1543 3269 τοὶ
1582 3209 1643 3268 δὲ
1670 3208 1979 3286 κατύπερθε

378 3300 519 3377 πρός
568 3302 755 3378 βορῆν
806 3300 1044 3381 λέγουσι
1105 3297 1309 3374 ἄνεμον
1358 3299 1470 3356 τῶν
1522 3295 1830 3372 ὑπεροίκων
1880 3301 1982 3371 τῆς
