2267 3517
326 145 551 213 14-17]
964 143 1296 199 mmm.
1826 148 1926 199 115

322 226 393 287 τὰ
415 227 571 305 παρὰ
594 225 901 288 θάλασσαν
926 224 1066 285 εἶναι
1098 224 1272 301 αὐτῆς
1293 229 1464 307 μέχρι
1485 231 1792 307 Ταριχειὸν
1811 232 1925 289 τῶν

324 317 753 391 Πηλουσιακῶν,
779 318 855 392 τῇ
894 311 965 389 δὴ
988 312 1406 391 τεσσεράκοντά
1432 320 1545 397 εἰσι
1576 318 1818 394 σχοῖνοι·
1855 314 1925 377 τὸ

324 402 386 462 δὲ
430 401 543 463 <iva
590 400 891 477 θαλάσσης
940 399 1220 481 λεγόντων
1272 407 1328 465 ἐς
1379 402 1693 485 μεσόγαιαν
1731 404 1928 464 τείνειν

324 488 497 567 αὐτὴν
520 491 689 570 μέχρι
715 488 1095 566 Κερκασώρου
1118 489 1334 560 πόλιος,
1353 489 1480 551 ,κατ’
1505 490 1577 567 ἣν
1602 492 1856 570 σχίζεται
1889 490 1924 553 ὅ

322 581 547 653 Νεῖλος,
576 580 632 642 ἔς
654 602 719 637 τε
742 575 1075 653 Πηλούσιον
1107 577 1247 654 ῥέων
1272 578 1366 637 καὶ
1402 584 1458 642 ἐς
1493 577 1794 655 Κάνωβον·
1850 578 1926 641 τὰ

323 664 385 725 δὲ
406 665 561 725 ἅλλα
602 664 882 745 λεγόντων
912 668 1015 739 τῆς
1039 665 1326 745 Αἰγύπτου
1350 665 1424 726 τὰ
1464 667 1570 744 μὲν
1609 666 1830 743 Λιβύης
1851 665 1927 727 τά

323 752 383 812 δὲ
406 752 681 831 Ἀραβίης
708 752 864 813 εἶναι·
907 750 1360 831 ἀποδεικνύοιμεν
1377 751 1462 824 ἂν,
1481 753 1660 834 τούτῳ
1677 758 1754 833 τῷ
1769 754 1924 836 λόγῳ

320 841 639 919 χρεώμενοι,
666 840 1027 923 Αἰγυπτίοισι
1053 839 1156 900 οὐκ
1181 846 1386 903 ἐοῦσαν
1417 840 1689 919 πρότερον
1713 842 1920 923 χώρην·

320 927 429 1005 ἤδη
451 929 563 1011 γάρ
589 936 703 1006 σφι
726 928 794 989 τό
817 952 887 1009 γε
913 928 1123 999 Δέλτα,
1151 927 1225 993 ὥς
1251 928 1408 990 αὖτοὶ
1431 930 1668 1010 λέγουσι
1705 930 1920 1011 Alyz'nr*

319 1039 431 1076 τιοι
463 1019 555 1077 καὶ
588 1018 714 1095 ἐμοὶ
754 1016 948 1086 δοκέει,
976 1016 1100 1077 ἔστι
1126 1016 1466 1095 κατάρρυτόν
1499 1042 1561 1077 τε
1590 1017 1680 1076 καὶ
1706 1018 1922 1089 νεωστὶ,

322 1102 395 1167 οἷς
418 1104 571 1185 λόγῳ
598 1108 787 1174 εἰπεῖν,
813 1102 1188 1182 άναπεφῃνός·
1231 1108 1280 1164 εἰ
1315 1105 1500 1165 τοίνυν
1525 1111 1640 1181 σφι
1673 1104 1829 1184 χώρη
1852 1130 1922 1187 γε

319 1191 564 1268 μηδεμία
586 1191 820 1270 ὖπῆρχε,
846 1192 909 1251 τί
932 1191 1383 1272 περιειργάζοντο
1409 1192 1688 1256 δοκέοντες
1711 1197 1922 1270 πρῶτοι

321 1277 621 1356 ἀνθρώπων
658 1279 980 1359 γεγονέναι;
1023 1278 1150 1339 οὐδὲ
1175 1280 1282 1339 ἔδει
1322 1280 1508 1356 σφέας
1543 1286 1598 1343 ἐς
1633 1278 1920 1358 διάπειραν

320 1369 431 1426 τῶν
454 1366 684 1426 παιδίων
710 1368 862 1437 ἰέναι,
888 1366 1011 1427 τίνα
1036 1371 1315 1447 γλῶσσαν
1338 1368 1564 1445 πρώτην
1589 1366 1916 1445 άπήσουσι;

320 1453 453 1513 ἀλλ’
490 1452 617 1515 οὕτε
646 1455 983 1536 Αἰγυπτίους
1025 1454 1197 1515 δοκέω
1221 1454 1342 1533 ἅμα
1381 1459 1459 1535 τῷ
1490 1457 1682 1517 Δέλτα
1721 1461 1798 1537 τῷ
1826 1456 1920 1518 ὐπ’

316 1541 513 1603 Ἰώνων
530 1543 845 1623 καλεομένῳ
867 1542 1150 1623 γενέσθαι,
1171 1545 1284 1603 αἰεί
1302 1569 1365 1605 τε
1383 1543 1523 1603 εἶναι
1538 1545 1600 1615 ἐξ
1624 1542 1690 1604 οὗ
1713 1543 1920 1623 α’νθρώ-

316 1656 435 1691 πων
458 1632 619 1713 γένος
644 1632 881 1713 ἐγένετο·
922 1630 1229 1708 προὝισῦσης
1247 1632 1308 1691 δὲ
1325 1636 1427 1708 τῆς
1443 1632 1644 1711 χώρης,
1664 1633 1918 1697 πολλοὺς

314 1721 420 1795 μὲν
457 1718 588 1783 τοῦς
626 1718 1103 1796 ὑπολειπομένους
1127 1718 1308 1780 αὐτῶν
1346 1720 1627 1800 γενέσθαι,
1667 1720 1920 1787 πολλοὺς

316 1807 378 1866 δὲ
399 1808 529 1873 τοῦς
552 1806 1122 1883 ὕποκαταβαίνοντας.
1163 1806 1232 1867 τὸ
1258 1806 1305 1866 δ’
1333 1807 1408 1868 ὧν
1431 1807 1614 1867 πάλαι
1639 1812 1698 1867 αἱ
1724 1810 1917 1885 Θῆβαι

315 1896 597 1977 Αἴγυπτος
623 1896 903 1957 ἐκαλέετο·
958 1898 1063 1970 τῆς
1094 1892 1164 1955 τὸ
1190 1895 1524 1973 περίμετρον
1557 1896 1783 1957 στάδιοί
1805 1900 1917 1956 εἶσι

317 1982 497 2043 εἴκοσι
538 1982 631 2043 καὶ
674 1982 869 2043 ἔκατόν
922 1982 1017 2041 καὶ
1057 1982 1446 2062 ἑξακισχίλιοι.
1527 1986 1600 2042 Εἰ
1643 1982 1718 2042 ὦν
1757 1982 1916 2060 ἡμεῖς
1936 1986 2010 2045 16

316 2068 494 2147 ὀρθῶς
516 2071 645 2147 περὶ
664 2070 843 2129 αὐτῶν
860 2068 1228 2150 γινώσκομεν,
1244 2070 1431 2135 Ἴωνες
1452 2069 1550 2131 οὐκ
1571 2068 1630 2130 εὖ
1651 2071 1914 2147 φρονέου-

316 2181 383 2217 σι
420 2159 550 2235 περὶ
589 2157 895 2238 Αἰγύπτου.
975 2161 1025 2217 εἰ
1058 2158 1119 2218 δὲ
1155 2158 1296 2236 ὀρθή
1340 2164 1463 2219 ε’στι
1500 2157 1539 2234 ἦ
1577 2161 1688 2218 τῶν
1722 2156 1918 2219 Ἰώνων

314 2246 525 2327 γνώμη,
556 2244 847 2322 Ἕλληνάς
874 2271 938 2305 τε
974 2246 1067 2305 καὶ
1106 2245 1304 2311 αὗτούς
1333 2245 1529 2310 Ἴωνας
1560 2241 1918 2324 ἀποδείκνυμι

250 2360 263 2371 ·
316 2333 417 2393 οὐκ
459 2334 859 2412 ἐπισταμένους
901 2334 1248 2443 λογίζεσθαι·
1291 2336 1351 2395 οἵ
1389 2341 1538 2411 φασι
1580 2334 1708 2412 τρία
1741 2335 1914 2412 μόρια

316 2421 457 2481 εἶναι
479 2426 590 2503 γῆν
612 2426 822 2493 πᾶσαν,
843 2421 1115 2499 Ευρώπην
1133 2447 1198 2481 τε
1224 2423 1316 2481 καὶ
1338 2422 1538 2499 Ἀσίην
1565 2447 1658 2482 και
1639 2422 1913 2499 Λιβύην·

312 2510 578 2588 τέταρτον
600 2537 711 2591 γαρ
727 2509 796 2586 δή
812 2516 996 2586 σφεας
1014 2509 1099 2569 δεῖ
1110 2511 1609 2591 προσλογίζεσθαι,
1628 2510 1914 2591 Αἱγυπτου

258 2632 261 2635 ·
311 2598 379 2659 τό
424 2598 635 2659 Δέλτα·
676 2602 725 2657 εἶ
764 2598 845 2675 μή
886 2624 943 2659 τι
974 2622 1041 2705 γε
1085 2602 1210 2658 ε’στι
1252 2602 1354 2675 τῆς
1392 2598 1591 2675 Ἀσίης
1629 2597 1772 2675 μήτε
1810 2603 1914 2675 τῆς

311 2685 552 2763 Λιβύης.
632 2686 697 2747 οὗ
733 2711 844 2768 γαρ
876 2685 1005 2762 δή”
972 2712 1005 2745 ο
1031 2686 1243 2750 Νεῖλός
1265 2688 1337 2769 γέ
1362 2691 1500 2761 ἐστι,
1531 2686 1674 2747 κατιὶ
1713 2691 1913 2748 τοῦτον

310 2773 411 2836 τόν
444 2774 635 2855 λόγον,
679 2802 711 2835 ο
747 2799 850 2850 την
877 2774 1081 2851 Ἀσίην
1116 2773 1346 2851 οὐρίζων
1381 2778 1485 2851 τῆς
1516 2773 1754 2851 Λιβύης·
1810 2779 1913 2836 τοῦ

314 2862 507 2923 Δέλτα
532 2862 593 2923 δὲ
616 2886 817 2922 τουτου
844 2886 984 2922 κατα
1014 2861 1081 2923 τό
1122 2862 1222 2931 ὀξυ
1261 2862 1692 2973 περιρρήγνυται
1716 2862 1749 2923 ὁ
1777 2867 1911 2923 Νεῖ-

312 2950 501 3021 λος,
458 2976 605 3011 ωστε
647 2956 706 3011 ἐν
744 2954 823 3030 τῷ
852 2949 1061 3028 μεταξι)
1102 2948 1301 3027 Ἀσίης
1338 2975 1402 3011 τε
1433 2951 1528 3010 καὶ
1568 2951 1788 3028 Λιβύης
1827 2951 1912 3032 γί-

314 3038 444 3098 νοιτ’
470 3037 557 3098 ἄν.

390 3127 509 3185 Καὶ
530 3126 636 3203 τήν
659 3127 762 3235 μὲν
784 3124 981 3186 Ἰώνων
1004 3124 1231 3207 γνώμην
1255 3123 1503 3201 ἀπίεμεν,
1532 3123 1694 3200 ἡμεῖς
1719 3123 1779 3181 δὲ
1806 3121 1908 3181 ὧδε
1929 3124 2003 3185 17

309 3214 401 3274 καὶ
425 3214 553 3293 περὶ
575 3214 783 3276 τούτων
809 3215 1066 3294 λέγομεν·
1109 3215 1396 3325 Αἴγυπτον
1420 3213 1526 3289 μὲν
1548 3214 1742 3269 πᾶσαν
1768 3207 1908 3268 εἶναι

308 3302 511 3382 ταιπην
538 3302 643 3381 τὴν
680 3302 777 3363 υπ’
810 3302 1139 3383 Αἰγυπτίων
1161 3302 1497 3377 οἰκεομένην,
1525 3293 1770 3370 κατάπερ
1802 3300 1906 3357 Κι-
2100 3340 2218 3421 Α
