2267 3517
327 128 1310 178 21⁰·HPOA0110‘1·
1791 129 1923 194 [111.

327 207 656 288 γενομένους
705 207 850 268 οὕτω
903 208 973 284 δή
1025 233 1156 272 τους
1214 205 1503 271 σκύλακας
1558 210 1927 284 ἐπικρατησαι

328 299 430 354 τοῦ
457 293 726 372 σκύμνου·
769 295 862 355 καὶ
893 320 994 356 τον
1026 297 1132 372 μὲν
1172 293 1502 372 Καμβύσεα
1534 292 1773 369 ἥδεσθαι
1798 294 1927 355 θεώ-

329 407 515 459 μενον,
554 383 661 459 τήν
701 383 762 442 δὲ
799 382 1122 460 παρημένην
1168 382 1439 459 δακρύειν*
1501 381 1828 458 Καμβύσεα
1868 383 1929 458 δὲ

328 469 584 547 μαθόντα
622 474 806 542 τοῦτο,
850 471 1171 546 ἐπείρεσθαι
1210 469 1352 530 διότι
1402 469 1659 546 δακρύεις
1724 469 1831 546 τήν
1869 470 1930 530 δὲ

333 561 521 629 εἰπεῖν,
549 557 622 622 ὥς
649 559 850 619 ἰδοῦσα
873 557 974 619 τόν
1009 558 1270 618 σκύλακα
1294 561 1372 637 τῷ
1404 555 1663 636 ἀδελφεῷ
1693 558 1930 634 τιμωρή-

333 671 516 707 σαντα
539 646 847 724 δακρύσειε,
872 645 1196 723 μνησθεῖσά
1218 671 1284 706 τε
1310 645 1578 724 Σμέρδιος
1603 646 1697 704 καὶ
1719 647 1930 722 μαθοῦ-

333 760 416 794 σα
442 734 514 798 ὥς
539 736 695 815 κείνῳ
721 733 822 795 οὐκ
847 736 933 811 εἴη
959 735 994 794 ὅ
1017 734 1368 812 τιμωρήσων.
1429 733 1710 810 Ἕλληνες
1731 736 1836 811 μὲν
1861 734 1929 811 δὴ

335 821 427 882 δωῖ
451 827 619 883 τοῦτο
644 823 710 883 vd
739 824 868 888 ἔπος
903 823 1053 899 φασὶ
1083 821 1259 898 αὐτὴν
1287 821 1610 884 ἀπολέσθαι
1631 821 1743 882 ὖπό
1770 827 1931 898 Καμ-

332 909 546 986 βύσεω·
614 911 912 992 Αἰγύπτιοι
955 911 1033 981 δὲ,
1075 910 1150 974 ὥς
1184 909 1431 990 τραπέζῃ
1469 909 1930 987 περικατημένων,

334 1000 639 1074 λαβοῦσαν
673 999 908 1076 θρίδακα
943 997 1050 1075 τὴν
1086 1002 1325 1080 γυναῖκα
1352 992 1652 1076 περιτῖλαι,
1680 998 1772 1057 καὶ
1802 1003 1933 1058 ἐπα·

339 1088 621 1164 νείρεσθαι
645 1113 747 1148 τον
773 1086 945 1164 ἄνδρα
971 1086 1201 1163 κότερον
1224 1084 1706 1164 περιτετιλμένη
1672 1113 1709 1162 η
1735 1086 1935 1146 δασεῖα

333 1199 374 1250 η
401 1175 650 1258 θρίδαξ’
625 1178 796 1236 εοῦσα
825 1176 909 1251 εἴη
930 1176 1201 1244 καλλίων;
1230 1175 1323 1234 καὶ
1345 1200 1445 1235 τον
1470 1173 1661 1249 φάναι,
1682 1174 1932 1234 δασεῖαν·

334 1261 439 1339 τήν
478 1262 523 1323 δ’
563 1267 734 1323 εἰπεῖν
763 1263 1010 1338 “ταύτην
1048 1263 1242 1340 μέντοι
1276 1263 1405 1322 κοτὲ
1440 1285 1519 1321 συ
1556 1260 1661 1337 τὴν
1699 1262 1935 1338 θρίδακα

339 1351 638 1426 ἐμιμήσαο,
683 1377 784 1412 τον
821 1350 1015 1427 Κύρου
1057 1350 1211 1410 οἶκον
1252 1347 1677 1428 ‹immamus-'²
1730 1349 1830 1410 τᾶν
1876 1351 1935 1409 δὲ

341 1439 663 1514 θυμωθέντα
705 1439 1028 1515 ἐμπηδῆσαι
1057 1438 1201 1517 αὐτῇ
1234 1437 1443 1518 ἐχούσῃ
1486 1441 1546 1497 ἐν
1582 1437 1807 1518 γαστρὶ,
1842 1439 1942 1498 καί

336 1551 434 1602 μιν
460 1526 822 1603 ἐκτρώσασαν
848 1525 1168 1586 οἷποθανεῖν.

245 1616 321 1674 33
421 1618 610 1674 Ταῦτα
633 1616 737 1691 μὲν
764 1619 820 1679 ἐς
844 1613 974 1677 τοῦς
1003 1615 1245 1690 οἷκηΐους
1267 1614 1302 1674 ὅ
1329 1611 1657 1692 Καμβύσης
1681 1613 1934 1692 ἐξεμάνη,

341 1703 449 1761 εἴτε
489 1701 561 1777 δή
595 1702 685 1761 διοὶ
724 1701 826 1763 τᾶν
854 1700 1044 1773 ”An-w,
1084 1702 1194 1762 εἴτε
1236 1703 1328 1761 καὶ
1364 1700 1568 1774 ἄλλως,
1609 1701 1700 1762 οἶα
1739 1703 1935 1762 πολλὰ

340 1789 502 1850 ἐώθεε
527 1788 850 1867 ἀνθρωπους
874 1816 1018 1850 κακα
1041 1790 1518 1868 καταλαμβάνειν*
1560 1816 1653 1850 και
1676 1789 1786 1872 γάρ
1813 1817 1938 1852 τινα

341 1878 435 1936 καὶ
461 1883 521 1937 ἐκ
545 1882 738 1960 γενεῆς
762 1883 970 1940 νοῦσον
999 1879 1257 1962 μεγάλην
1291 1878 1574 1961 λέγεται”
1545 1904 1691 1959 εχειν
1714 1879 1748 1939 ὁ
1776 1885 1936 1957 Καμ-

339 1965 549 2044 βύσης,
600 1967 706 2044 τὴν
759 1967 884 2046 ἱρὴν
935 1967 1312 2046 οὖνομάζουσί
1356 1991 1519 2032 τινες·
1586 1966 1655 2026 οὔ
1704 1965 1801 2028 νύν
1848 1993 1937 2028 τοι

341 2053 518 2120 οἷεικὲς
559 2055 792 2116 οὖδὲν’
753 2083 842 2132 ην,
869 2059 970 2118 τοῦ
1010 2055 1274 2133 σώματος
1312 2059 1519 2115 νοῦσον
1556 2055 1813 2136 μεγάλην
1850 2081 1938 2117 νο·

247 2143 323 2203 34
342 2144 584 2214 σέοντος,
636 2145 779 2222 μηδὲ
829 2145 932 2209 ταῖς
982 2145 1190 2222 φρένας
1240 2143 1525 2225 ὖγιαίνειν.
1606 2143 1751 2202 Τάδε
1793 2143 1841 2203 δ’
1884 2149 1938 2207 ἐς

341 2230 472 2295 τούς
509 2231 722 2297 ἄλλους
761 2234 994 2310 Πέρσας
1033 2231 1291 2309 ἐξεμάνη·
1350 2232 1577 2313 λέγεται
1614 2231 1724 2310 γοῖρ
1768 2235 1939 2292 εἰπεῖν

342 2317 512 2379 αὐτόν
545 2318 691 2397 πρός·
721 2319 1090 2396 Πρηξάσπεα,
1127 2319 1229 2379 τόν
1268 2318 1432 2396 ἐτίμα
1464 2344 1528 2379 τε
1558 2319 1815 2396 μάλιστα
1849 2321 1945 2379 καί

343 2407 398 2465 οἱ
441 2405 540 2470 τοὶς
585 2406 852 2487 ἀγγελίας
898 2407 1098 2483 ἐφόρεε
1150 2403 1328 2477 οὗτος,
1375 2407 1576 2468 τούτου
1619 2432 1684 2467 τε
1730 2407 1762 2468 ό
1808 2413 1942 2473 παῖς

345 2493 595 2570 οἰνοχόος
637 2492 708 2570 ἦν
751 2499 828 2574 τῷ
872 2494 1188 2574 Καμβύσῃ·
1254 2494 1391 2572 τιμή
1442 2495 1504 2556 δὲ
1556 2495 1650 2555 καὶ
1695 2494 1834 2572 αὕτη
1876 2495 1942 2556 οὗ

343 2580 577 2658 σμικρή·
618 2584 790 2642 εἰπεῖν
817 2583 876 2641 δὲ
902 2583 1127 2662 λέγεται
1156 2582 1306 2642 τάδε·
1348 2594 1385 2619 “
1402 2583 1761 2661 Πρήξασπες,
1790 2584 1943 2644 κοῖόν

348 2669 424 2746 μέ
459 2693 584 2729 τινα
621 2671 913 2745 νομίζουσι
951 2670 1178 2746 Πέρσαι
1224 2670 1363 2730 εἶναι
1414 2669 1621 2748 ἅνδρα;
1688 2672 1843 2736 τίνας
1881 2699 1944 2733 τε

345 2756 552 2838 λόγους
595 2759 722 2834 περὶ
769 2759 900 2835 ἐμέο
946 2762 1230 2828 ποιεῦνται
1248 2758 1296 2828 ;”
1356 2758 1457 2819 vav
1500 2759 1561 2817 δὲ
1603 2763 1795 2819 εἰπεῖν·
1857 2759 1944 2819 “‹2’›

346 2845 610 2916 δέσποτα,
646 2846 720 2906 τοὶ
753 2848 858 2924 μὲν
893 2845 1047 2906 ἄλλα
1076 2844 1261 2907 πάντα
1288 2845 1547 2928 μεγάλως
1584 2848 1845 2919 ἐπαινέαι,
1872 2851 1945 2927 τῇ

347 2933 409 2992 δὲ
455 2935 706 3013 φιλοινίῃ
746 2935 821 2994 σέ
859 2940 1008 3010 φασι
1046 2935 1295 2998 πλεόνως
1333 2933 1767 3011 προσκέεσθαι.”
1845 2935 1946 2997 τᾶν

344 3024 450 3099 μὲν
490 3021 558 3098 δὴ
598 3023 784 3104 λέγειν
820 3017 1000 3082 ταῦτα
1037 3024 1167 3100 περὶ
1198 3024 1484 3100 Περσέων·
1536 3023 1637 3083 τόν
1666 3023 1725 3082 δὲ
1766 3024 1945 3100 θυμω·

349 3109 516 3169 θέντα
539 3110 726 3170 τοιάδε
749 3109 1110 3185 ἀμείβεσθαι·
1152 3121 1189 3147 “
1197 3114 1293 3170 νῦν
1318 3109 1428 3188 ἄρα
1451 3111 1527 3187 μέ
1552 3116 1701 3185 φασι
1722 3112 1947 3187 Πέρσαι

348 3197 474 3275 οἴνῳ
532 3199 938 3275 προσκείμενον
999 3199 1422 3274 παραφρονέειν,
1489 3199 1580 3256 καὶ
1647 3198 1749 3257 οῦκ
1809 3199 1949 3258 εἶναι

397 3283 631 3358 ’ἥμονας
672 3283 786 3345 οὐδ’
826 3283 938 3362 ἄρα
971 3286 1169 3361 σφέων
1200 3290 1256 3346 οἱ
1288 3285 1552 3362 πρότεροι
1590 3283 1757 3361 λόγοι
1796 3285 1949 3359 ἦσαν
