2267 3517
320 155 541 221 εει-62]
911 153 1365 204 anommm.
1742 119 1751 126 ⁸
1824 157 1919 205 303
1973 196 1977 201 .

322 237 479 300 θίους
510 234 748 299 πόδας”
720 259 939 312 εστηκε·
982 263 1012 294 ο
1044 235 1103 294 δὲ
1131 234 1290 305 θύων,
1318 215 1522 295 ὄπισθε
1556 237 1658 294 τοῦ
1701 233 1926 310 κτήνεος

322 323 541 394 ἑστεως,
596 322 827 388 σπάσας
885 322 990 400 τήν
1048 321 1229 401 ἀρχὴν
1285 325 1388 382 τοῦ
1449 309 1707 400 στρόφου
1762 348 1924 382 κατα-

321 413 539 489 βάλλει
579 430 707 489 μιν·
736 403 1037 474 πίπτοντος
1072 411 1131 469 δὲ
1161 414 1260 470 τοῦ
1301 411 1494 487 ἱρηίου,
1525 410 1804 469 ἐπικαλέει
1826 410 1926 470 τόν

321 500 455 562 θεὸν
488 504 567 578 τῷ
602 499 671 560 ἂν
702 500 828 578 θύῃ·
884 500 976 558 καὶ
1010 499 1200 558 ἔπειτα
1239 498 1438 576 βρόχῳ
1472 498 1603 574 περὶ
1639 497 1712 556 ὧν
1749 499 1926 608 ἔβαλε

319 588 421 649 τόν
466 588 691 667 αὖχένα·
761 586 1073 648 σκυταλίδα
1120 586 1182 645 δὲ
1223 584 1492 662 ἐμβαλων
1537 584 1788 666 περιάγει
1833 587 1925 644 καὶ

322 675 637 756 ἀποπνίγει,
666 673 791 736 οὔτε
820 679 933 752 πῦρ
971 670 1309 743 ἀνακαύσας,
1337 672 1464 732 οὔτε
1502 671 1924 750 καταρξάμενος,

324 761 440 823 οὔτ’
482 765 836 828 ἐπισπείσας·
876 762 1189 832 ἀποπνίξας
1223 761 1284 821 δὲ
1331 762 1424 821 καὶ
1465 760 1760 838 ἀποδείρας
1795 762 1926 838 τρά-

300 877 487 935 ιπεεϊαι
510 850 652 929 πρός
692 850 915 930 ἕψησιν·
955 854 1071 926 Τῆς
1100 850 1163 908 δὲ
1183 852 1305 930 γῆς·
1319 853 1420 924 Τἣς
1458 849 1734 924 Σκυθικῆς
1763 875 1926 913 αινως
1943 851 2014 910 61

323 938 535 1008 ἀξύλου
576 938 793 1016 ἐούσης,
836 937 942 997 ὧδέ
980 944 1093 1014 σφι
1130 941 1187 1001 ἐς
1227 936 1332 1012 τὴν
1369 938 1574 1014 ἕψησιν
1604 940 1716 996 τῶν
1755 941 1928 1014 κρεῶν

324 1025 627 1104 ἐξεύρηται·
670 1025 840 1086 ἐπεοὶν
871 1024 1212 1101 ἀποδείρωσι
1247 1024 1321 1084 τὰ
1363 1025 1527 1102 ἶρήϊα,
1554 1029 1830 1105 γυμνοῦσι
1853 1026 1927 1085 τοὶ

323 1112 500 1174 ὀστέα
536 1118 645 1175 τῶν
688 1118 879 1193 κρεῶν·
928 1114 1118 1182 ἔπειτα
1160 1111 1544 1190 ἐσβάλλουσι,
1581 1111 1651 1187 ἢν
1691 1115 1794 1188 μὲν
1833 1115 1925 1172 τύ-

322 1226 473 1281 χωσι
516 1203 735 1282 ἔχοντες
761 1203 1015 1279 λέβητας
1048 1201 1389 1281 ἐπιχωρίους,
1430 1201 1686 1278 μάλιστα
1726 1202 1937 1277 Λεσβί-

326 1312 445 1350 οισι
496 1293 772 1367 κρητῆρσι
820 1290 1224 1366 προσεικέλους
1274 1289 1441 1368 χωρὶς
1495 1286 1531 1364 ἢ
1586 1287 1674 1348 ὅτι
1725 1293 1925 1368 πολλῷ

322 1377 573 1453 μέζονας,
594 1383 651 1440 ἐς
676 1377 903 1440 τούτους
924 1378 1328 1454 ἐσβάλλοντες,
1351 1378 1552 1455 ἕψουσι
1571 1375 1928 1440 ὖποκαίοντες

323 1464 397 1524 vd
422 1463 597 1525 ὀστέα
614 1468 731 1525 ’τ’ὣν
768 1465 975 1542 ἱρηίων·
1017 1463 1086 1541 ἦν
1120 1466 1182 1524 δὲ
1211 1464 1292 1542 μή
1319 1472 1434 1542 σφι
1469 1469 1623 1544 παρῇ
1650 1466 1844 1541 λέβης,
1873 1469 1928 1525 οἳ

324 1552 385 1612 δὲ
411 1558 467 1617 ἐς
488 1552 590 1617 τὰς
613 1554 895 1635 γαστέρας
918 1557 1029 1614 τῶν
1057 1553 1245 1630 ῖρηΐων
1283 1551 1670 1629 ἐσβάλλοντες
1693 1551 1766 1611 τοὶ
1796 1554 1928 1630 κρέα

324 1640 509 1702 πάντα
537 1641 629 1700 καὶ
654 1641 1068 1719 παραμίξαντες
1092 1640 1254 1718 ὕδωρ,
1276 1640 1611 1701 ὗποκαίουσι
1635 1640 1709 1700 τά
1735 1639 1928 1701 ὄστέα·

323 1728 396 1789 τοὶ
439 1729 507 1789 δὲ·
539 1730 757 1789 αἴθεται
796 1728 1103 1790 κάλλιστα·
1146 1731 1206 1788 αἶ
1248 1728 1307 1788 δὲ
1340 1731 1612 1811 γαστέρες
1651 1730 1929 1808 χωρέουσι

326 1817 590 1882 εὐπετέως
620 1818 695 1878 τοὶ
724 1817 860 1896 κρέα
895 1815 1214 1895 ἐψιλωμένα
1244 1820 1355 1876 τῶν
1391 1817 1620 1894 ὀστέων·
1663 1818 1755 1875 καὶ
1787 1816 1930 1877 οὕτω

324 1907 471 1980 βοῦς
518 1931 583 1967 τε
622 1905 823 1966 ἑωυτὸν
875 1905 1073 1982 ἐξέψει,
1116 1905 1210 1963 καὶ
1247 1902 1320 1962 τοὶ
1373 1902 1529 1963 ἄλλα
1571 1901 1722 1979 ἶρήῖα
1763 1905 1930 1964 ἑωυτὸ

328 1993 583 2053 ἑκαστον·
652 1992 823 2052 ἐπεὰν
873 1992 936 2051 δὲ
989 1993 1172 2072 ἑψηθῇ
1222 1990 1296 2051 *ta*
1337 1993 1486 2068 κρέα,
1529 1991 1562 2051 ὁ
1605 1989 1781 2054 θύσας
1819 1996 1931 2052 τῶν

312 2083 502 2156 ’κρεῶν
526 2080 621 2156 καὶ
643 2082 755 2139 τῶν
786 2078 1134 2160 σπλάγχνων
1161 2079 1548 2156 ἀπαρξάμενος
1572 2079 1756 2155 ῥίπτει
1781 2082 1838 2140 ἐς
1861 2079 1928 2139 τό

328 2168 666 2246 ἔμπροσθεν.
748 2166 948 2228 θύουσι
986 2163 1060 2226 δὲ’
1086 2167 1182 2233 καὶ
1218 2166 1291 2227 τιὶ
1338 2165 1493 2226 ἄλλα
1530 2164 1798 2244 πρόβατα
1839 2167 1931 2226 καὶ

330 2255 534 2318 ἵππους
556 2255 830 2332 μάλιστα.

408 2345 575 2402 Τοῖσι
600 2345 703 2419 μὲν
729 2343 799 2419 δὴ
834 2341 1071 2404 ἄλλοισι
1104 2347 1216 2410 τῶν,
1255 2345 1398 2405 θεῶν
1426 2343 1568 2404 οὕτω
1607 2342 1807 2405 θύουσι
1839 2345 1932 2404 καὶ
1951 2347 2026 2405 62

326 2433 508 2492 ταῦτα
531 2434 642 2492 τῶν
660 2431 916 2506 κτηνέων,
935 2436 1015 2510 τῷ
1040 2431 1099 2490 δὲ
1125 2432 1194 2506 δὴ
1212 2431 1383 2508 Ἀρηῖ
1411 2429 1534 2491 ὦδε·
1570 2432 1710 2491 κατὰ
1728 2431 1933 2510 νομοῦς

330 2517 625 2580 ἑκάστοισι
662 2521 775 2578 τῶν
812 2516 1057 2597 ἀρχηῒων
1098 2518 1385 2596 ἐσίδρυταί
1419 2524 1534 2594 σφι
1562 2517 1772 2595 Ἀρηος
1813 2519 1932 2596 ῖρόν

329 2604 563 2667 τοιόνδε·
604 2604 904 2686 φρυγάνων
934 2605 1179 2681 φάκελοι
1211 2606 1570 2666 συννενέαται
1596 2605 1734 2667 ὅσον
1762 2607 1811 2667 τ’
1838 2608 1932 2666 ἐπὶ

328 2693 591 2758 σταδίους
629 2697 779 2770 τρεῖς
814 2696 993 2770 μῆκος
1032 2694 1125 2753 καὶ
1167 2692 1339 2770 εὖρος,
1376 2692 1517 2771 ὕψος
1556 2693 1617 2752 δὲ
1659 2695 1928 2756 ἔλασσον·

329 2779 443 2841 ἅνω
480 2781 541 2841 δὲ
578 2781 796 2852 τούτου,
835 2780 1180 2861 τετράγωνον
1219 2778 1424 2839 ἄπεδον
1468 2781 1785 2857 πεποίηται·
1841 2783 1932 2841 καὶ

328 2867 400 2928 τοὶ
424 2870 531 2946 μὲν
553 2869 683 2946 τρία
706 2871 817 2928 τῶν
842 2867 1037 2929 κώλων
1062 2869 1188 2928 ἐστὶ
1213 2866 1492 2945 ἀπότομα,
1511 2869 1651 2927 κατσῖ
1671 2869 1737 2927 δὲ
1761 2869 1828 2928 τὸ
1857 2870 1931 2940 ἓν,

331 2956 623 3033 ἐπιβατόν·
664 2957 813 3019 ἔτεος
844 2955 905 3034 δὲ
932 2954 1172 3016 ἑκάστου
1211 2955 1430 3031 ἀμάξας
1467 2957 1812 3030 πεντήκοντα
1839 2958 1932 3015 καὶ

332 3043 525 3103 ἑκατὸν
554 3041 1176 3123 ἐπινέουσιφρυγάνων·
1216 3042 1546 3102 ὕπονοστέει
1578 3043 1688 3123 γὰρ
1730 3043 1797 3119 δή
1827 3045 1934 3102 αἰεὶ

329 3129 441 3190 find
467 3134 578 3190 τῶν
602 3128 905 3210 χειμώνων.
984 3130 1077 3189 ἐπὶ
1101 3129 1302 3190 τούτου
1330 3130 1398 3204 δὴ
1422 3134 1524 3189 τοῦ
1550 3129 1720 3210 ὄγκου
1747 3130 1931 3190 ἀκινά-

331 3243 431 3296 κης
472 3218 728 3295 σιδήρεος
774 3217 985 3295 ἵδρυται
1024 3216 1257 3294 ἀρχαῖος
1304 3217 1611 3286 ἑκάστοισι,
1650 3218 1742 3276 καὶ
1781 3217 1932 3280 τοῦτ’

565 3311 592 3326 Α

329 3305 454 3408 ἔστι
490 3331 593 3366 του
623 3304 835 3384 Ἀρηος
864 3305 932 3366 τό
974 3303 1229 3386 ἄγαλμα·
1270 3303 1448 3382 τούτῳ
1475 3303 1538 3362 δὲ
1573 3307 1652 3382 τῷ
1687 3302 1934 3367 ἀκινάκεϊ
