2267 3517
279 166 284 173 -
303 143 404 190 230
901 141 1268 193 ἭΡοΔοωοτ·
1774 139 1903 204 [111.

305 220 482 297 ἴδμεν·
511 223 616 280 τοῦ
639 217 976 298 α’ρχιτέκτων
993 223 1214 296 πρῶτος
1239 220 1457 300 ἐγένετο
1479 219 1698 285 Ῥοῖκος
1722 221 1907 280 Φίλεω

308 306 612 386 ἐπιχώριος.
681 305 890 367 τούτων
930 307 1132 367 εἵνεκεν
1171 306 1397 383 μ’ἃλλόν
1426 333 1483 368 τι
1514 307 1643 386 περὶ
1680 308 1907 386 Σαμίων

307 395 565 472 ἐμήκυνα.

211 485 282 543 61
388 481 683 561 Καμβύσῃ
710 482 770 541 δὲ
793 485 870 561 τῷ
896 480 1103 560 Κύρου,
1129 484 1442 561 χρονίζοντι
1466 482 1595 561 περὶ
1619 453 1906 565 Αἶγυππον
1934 559 1945 563 -

305 571 396 629 καὶ
445 568 966 646 παραφρονήσαντι,
1023 569 1415 631 ἐπανιστέαται
1464 570 1658 648 ἄνδρες
1708 570 1903 653 Μάγοι

303 657 403 717 δύο
447 656 734 734 ἀδελφεοί·
801 661 912 717 τῶν
957 657 1059 717 τὸν
1105 657 1295 735 ἕτερον
1348 659 1750 719 καταλελοίπεε
1792 662 1905 720 τῶν

303 746 487 806 οἰκίων
535 745 847 822 μελεδωνὸν
895 744 927 804 ὅ
974 745 1320 822 Καμβύσης·
1390 743 1551 809 οὗτος
1596 746 1665 822 δή
1721 745 1797 806 ὧν
1848 750 1903 806 οἶ

302 834 598 910 ἐπανέστη,
630 833 823 910 μαθών
857 858 921 893 τε
955 832 1056 893 τόν
1091 833 1363 910 Σμέρδιος
1398 833 1641 894 θάνατον
1676 833 1748 897 ὥς
1778 833 1902 911 κρύ·

300 947 498 982 πτοιτο
523 920 834 1003 γενόμενος,
857 920 950 979 καὶ
977 920 1048 984 ὦς
1075 919 1261 1002 ὀλίγοι
1286 920 1437 997 ἦσαν
1462 925 1515 981 οἶ
1543 921 1903 999 ἐπιστάμενοι

301 1008 481 1070 αὖτῶν
520 1010 806 1087 Περσέων,
835 1011 888 1068 οἱ
927 1009 988 1068 δὲ
1027 1009 1241 1069 πολλοὶ
1280 1009 1571 1087 περιεόντα
1610 1035 1709 1086 μιν
1750 1009 1901 1069 εἰδεί-

300 1123 469 1174 ησαν·
508 1098 650 1175 πρός
675 1102 850 1158 ταῦτα
875 1095 1199 1173 βουλεύσας
1227 1095 1362 1156 τάδε
1394 1091 1725 1176 ἐπεχείρῆσε
1748 1101 1903 1157 τοῖσι

303 1186 685 1261 βασιληίοισι·
726 1184 797 1261 ἦν
821 1187 876 1244 οἳ
900 1183 1193 1260 ἀδελφεός,
1219 1183 1319 1245 τᾶν
1351 1183 1482 1245 εἶπά
1506 1187 1561 1245 οἱ
1595 1209 1903 1245 συνεπανα-

303 1277 523 1350 στῆναι,
552 1273 712 1336 οἰκῶς
749 1272 1006 1350 μάλιστα
1043 1271 1111 1331 τό
1154 1271 1296 1334 εἶδος
1336 1272 1545 1350 Σμέρδι
1582 1277 1660 1351 τῷ
1692 1272 1900 1350 Κύρου·

301 1360 402 1420 τόν
427 1360 460 1420 ὁ
489 1360 832 1436 Καμβύσης,
861 1359 1022 1419 ἐόντα
1048 1362 1250 1419 ἑωυτοῦ
1276 1358 1571 1435 ἀδελφεὸν,
1598 1359 1900 1420 ἀπέκτεινε·

301 1446 374 1523 ἦν
395 1472 458 1507 τε
483 1447 550 1522 δὴ
578 1447 771 1523 ὁμοῖος
807 1446 950 1510 εἶδος
979 1450 1056 1525 τῷ
1097 1447 1305 1525 Σμέρδι
1338 1449 1431 1507 καὶ
1466 1447 1535 1525 δή
1564 1448 1657 1506 καὶ
1692 1447 1904 1524 οὔνομα

304 1533 480 1595 τῶυτὸ
509 1535 624 1612 εἶχε
651 1534 909 1611 Σμέρδιν·
951 1539 1152 1594 τοῦτον
1177 1534 1277 1595 τὸν
1312 1534 1487 1613 ἄνδρα
1516 1533 1843 1615 ἀναγνώσας
1869 1535 1903 1595 ὅ

306 1623 508 1704 Μάγος
560 1623 896 1698 Πατιζείθης
936 1621 1008 1685 ὥς
1047 1625 1101 1682 οἱ
1147 1621 1315 1686 αὖτός
1360 1623 1546 1684 πάντα
1598 1622 1901 1700 διαπρήξει,

305 1711 425 1770 εἷσε
475 1708 624 1792 ἄγων
664 1715 720 1774 ἐς
763 1708 863 1770 τόν
907 1708 1220 1786 βασιλήϊον
1265 1709 1487 1787 θρόνον·
1553 1710 1798 1786 ποιήσας
1844 1712 1905 1772 δὲ

305 1802 488 1868 τοῦτο,
523 1798 760 1876 κήρυκας
789 1802 861 1876 τῇ
891 1823 954 1858 τε
993 1795 1149 1876 ἄλλῃ
1187 1797 1457 1875 διέπεμπε
1496 1799 1590 1858 καὶ
1620 1798 1689 1874 δή
1726 1799 1819 1858 καὶ
1849 1804 1905 1864 ἐς

305 1888 607 1968 Αἴγυπτον,
643 1887 982 1964 προερέοντα
1013 1889 1091 1964 τῷ
1130 1890 1371 1964 στρατῷ,
1399 1886 1469 1950 ὥς
1500 1887 1768 1965 Σμέρδιος
1801 1891 1904 1947 τοῦ

306 1975 498 2052 Κύρου
521 1974 802 2035 ἀκουστέα
828 1975 914 2050 εἴη
937 1977 1038 2034 τοῦ
1064 1976 1287 2044 λοιποῦ,
1309 1973 1441 2032 ἀλλ’
1462 1974 1528 2033 οὐ
1549 1974 1902 2052 Καμβύσεω.

213 2065 287 2122 62
308 2064 388 2123 Οἵ
405 2090 467 2124 τε
493 2063 563 2139 δὴ
596 2061 671 2123 ὧν
703 2061 876 2122 ἄλλοι
912 2061 1143 2139 κήρυκες
1173 2061 1555 2142 προηγόρευον
1584 2066 1777 2132 ταῦτα,
1812 2062 1903 2121 καὶ

305 2151 373 2227 δὴ
410 2151 501 2211 καὶ
533 2151 565 2212 ὁ
599 2149 684 2211 ἐπ’
710 2150 997 2231 Αἴγυπτον
1034 2150 1278 2229 ταχθεὶς,
1307 2147 1553 2228 (εὕρισκε
1589 2149 1700 2230 γὰρ
1741 2155 1903 2226 Καμ-

304 2239 492 2316 βύσεα
519 2241 612 2298 καὶ
635 2237 736 2298 τᾶν
761 2236 1010 2315 στρατόν
1043 2235 1208 2296 ἐόντα
1238 2240 1343 2311 τῆς
1377 2237 1581 2314 Συρίης
1608 2241 1667 2297 ἐν
1689 2235 1903 2317 Ἀγβα-

303 2327 567 2406 τάνοισι,)
593 2324 938 2406 προηγόρευε
965 2321 1106 2386 στὰς
1133 2327 1189 2386 ἐς
1218 2324 1399 2399 μέσον
1422 2323 1496 2383 τοὶ
1534 2325 1905 2401 ἐντεταλμένα

307 2419 368 2472 ἐκ
393 2416 495 2473 τοῦ
520 2411 746 2493 Μάγου·
790 2409 1116 2487 Καμβύσης
1141 2409 1201 2468 δὲ
1226 2408 1473 2475 οἰκούσας
1504 2415 1682 2471 ταῦτα
1716 2417 1777 2471 ἐκ
1801 2416 1905 2473 τοῦ

309 2500 556 2579 κήρυκος,
605 2500 700 2560 καὶ
739 2499 979 2560 ἐλπίσας
1015 2521 1114 2573 μιν
1153 2497 1340 2578 λέγειν
1379 2497 1598 2574 ἀληθέα
1638 2496 1806 2563 αὐτός
1842 2525 1905 2560 τε

305 2586 678 2664 προδεδόσθαι
705 2591 767 2645 ἐκ
792 2583 1188 2661 Πρηξάσπεος,
1216 2583 1572 2664 (πεμφθέντα
1600 2585 1712 2668 γὰρ
1738 2585 1908 2648 adv-‹31›

308 2675 378 2739 ὥς
403 2673 806 2735 ἀποκτενέοντα
827 2672 1066 2749 Σμέρδιν
1087 2670 1153 2730 οὗ
1178 2676 1417 2747 ποιῆσαι
1441 2675 1660 2754 ταῦτα,)
1679 2675 1907 2753 βλέψας

309 2767 364 2826 ἐς
399 2763 500 2824 τᾶν
551 2760 905 2839 Πρηξάσπεα
955 2759 1096 2818 εἶπε·
1166 2770 1202 2796 “
1219 2760 1579 2838 Πρήξασπες,
1627 2761 1770 2821 οὕτω
1807 2787 1908 2839 μοι

308 2850 606 2929 διεπρήξαο
641 2849 710 2910 τό
746 2875 838 2910 τοι
871 2847 1201 2925 προσέθηκα
1240 2853 1476 2930 πρῆγμα
1495 2849 1544 2918 ;”
1600 2849 1634 2911 ὅ
1671 2850 1732 2909 δὲ
1767 2850 1906 2910 εἶπε·

307 2939 397 2999 “ὧ
434 2940 700 3008 δέσποτα,
731 2935 832 2997 οὔκ
864 2937 988 2996 ἐστι
1021 2940 1199 2996 ταῦτα
1234 2935 1449 3012 ἀληθέα
1480 2936 1621 3002 ὅκως
1654 2938 1788 2998 κοτέ
1811 2965 1909 3000 σοι

310 3028 545 3105 Σμέρδις
583 3025 860 3101 ἀδελφεὰς
899 3023 932 3084 ὅ
973 3023 1078 3087 σός
1117 3026 1475 3102 ἐπανέστηκε,
1505 3025 1633 3085 οὐδὲ
1672 3025 1811 3091 ὅκως
1847 3051 1905 3086 τι

313 3117 375 3185 ἐξ
427 3116 633 3177 ἐκείνου
682 3117 784 3174 τοῦ
823 3110 1024 3188 ἀνδρὸς
1063 3112 1242 3175 νεῖκός
1279 3137 1369 3172 τοι
1409 3114 1570 3172 ἔσται
1607 3110 1646 3188 ἢ
1684 3114 1834 3194 μέγα
1870 3112 1909 3189 ἦ

323 3205 571 3281 Ἰμικρόν·
612 3201 720 3286 ἐγῶ
745 3200 855 3282 γοῖρ
883 3199 1050 3262 αύτός
1073 3199 1319 3276 ποιήσας
1349 3201 1421 3260 τσῖ
1446 3200 1522 3260 σύ
1545 3225 1619 3276 με
1646 3201 1908 3270 ἐκέλευες,

412 3291 494 3369 ψσῖ
546 3316 643 3357 μιν
692 3289 861 3368 χερσὶ
909 3286 1048 3364 τῇσι
1088 3292 1381 3363 ἐμεωυτοῦ.
1462 3291 1511 3345 εἰ
1562 3288 1669 3364 μέν
1720 3313 1817 3347 νυν
1855 3289 1911 3346 οἶ
