2267 3517
344 156 408 205 eo
949 156 1319 207 *Hpvomo'r
1872 151 1945 217 [Ι.

341 240 569 298 σκοπῶν
595 236 734 301 ὅκως
757 239 860 297 σοί
878 262 941 298 τε
969 235 1193 312 ποιήσω
1218 234 1359 296 κατὰ
1382 233 1529 306 νόον,
1557 233 1651 293 καὶ
1676 231 1783 315 ἐγώ
1809 232 1951 311 πρὸς

344 324 415 383 σὲ
436 322 726 404 γινόμενος
750 322 1153 402 ἀναμάρτητος,
1178 322 1335 400 μήτε
1348 321 1581 403 θυγατρὶ
1604 324 1676 400 τῇ
1702 324 1784 399 σῇ
1807 320 1952 397 μήτε

343 408 489 488 αύτῷ
511 435 609 469 σοι
634 411 751 487 εἵην
775 410 1059 487 αὐθέντης.
1140 410 1311 470 ποιέω
1336 408 1405 485 δὴ
1430 407 1552 467 ὦδε·
1581 408 1829 470 καλέσας
1852 408 1952 469 τόν

341 496 629 574 βουκόλον
658 498 834 570 τόνδε,
867 498 1219 575 παραδίδωμι
1249 497 1317 557 τό
1365 496 1601 566 παιδίον,
1630 494 1745 571 φοὶς
1778 496 1853 555 σέ
1887 521 1951 556 τε

343 583 483 645 εἶναι
497 584 596 646 τόν
612 584 961 645 κελεύοντα’
925 589 1247 646 αποκτεῖναι
1262 582 1573 644 αὖτὸ--και
1553 583 1770 664 λέγων
1783 584 1950 644 τοῦτό

342 698 412 754 γε
447 698 548 733 ουκ
586 672 915 750 ἐψευδόμην·
957 698 1032 733 συ
1067 672 1180 753 γὰρ
1220 672 1507 733 ἐνετέλλεο
1549 668 1949 748 οὕτω-παρα-

345 760 540 837 δίδωμι
573 760 765 837 μέντοι
802 786 868 839 τιι
851 761 940 820 ”“δε
980 786 1120 820 κατα
1160 759 1309 831 τάδε,
1350 753 1733 835 ἐντειλάμενος
1774 758 1954 819 θεῖναί

341 872 441 925 μιν
460 853 517 910 ἐς
537 852 744 926 ἐρῆμον
764 847 928 925 οὖρος
949 849 1041 907 καὶ
1061 847 1453 924 παραμένοντα
1472 844 1854 921 φυλάσσειν”
1817 872 1950 923 αχρι

344 932 410 995 οὗ
441 935 784 1012 τελευτήσει,
819 934 1136 1011 ἀπειλήσας
1166 939 1407 995 παντοῖα
1434 932 1641 1013 τῷδε*
1605 959 1676 1009 ην
1705 932 1786 1010 μή
1816 933 1949 993 τάδε

315 1024 603 1083 ’ἐπιτελέα
640 1022 874 1103 ποιήσῃ·
918 1023 1044 1083 ἐπεί
1070 1048 1134 1083 τε
1166 1022 1227 1081 δὲ
1260 1020 1604 1098 ποιήσαντος
1639 1019 1840 1081 τούτου
1875 1047 1949 1081 τα.

343 1110 680 1189 κελευόμενα
715 1110 1044 1188 ἐτελεύτησε
1081 1110 1150 1171 τό
1189 1110 1428 1181 παιδίον,
1462 1110 1691 1187 πέμψας
1720 1113 1832 1169 τῶν
1864 1108 1947 1168 εὖ·

340 1198 553 1277 νούχων
585 1199 714 1262 τοῦς
748 1198 1138 1270 πιστοτάτους,
1177 1198 1270 1257 καὶ
1307 1196 1452 1257 εἶδον
1492 1196 1560 1256 δι’
1598 1197 1814 1256 ἐκείνων
1855 1198 1948 1256 καὶ

345 1285 527 1364 ἔθαψά
551 1311 668 1363 μιν.
749 1286 918 1348 οὕτως
945 1287 1097 1364 ἔσχε,
1127 1283 1171 1344 ὦ
1196 1287 1465 1362 βασιλεῦ,
1492 1286 1621 1361 περὶ
1644 1288 1745 1344 τοῦ
1770 1284 1947 1365 πρήγ-
1997 1323 2001 1329 -

340 1398 517 1449 ματος
540 1372 758 1433 τούτου·
801 1374 894 1433 καὶ
916 1372 1149 1451 τοιούτω
1174 1372 1329 1452 μόρω
1356 1372 1639 1451 ἐχρήσατο
1666 1372 1698 1431 6
1724 1376 1875 1435 παῖς.
1876 1371 1908 1392 ”

251 1462 366 1521 118
413 1459 706 1541 Ἀρπαγος
729 1462 832 1536 μὲν
859 1459 928 1535 δη
952 1458 1052 1520 τὸν
1079 1460 1201 1520 ἰθύν
1227 1462 1417 1537 ἔφαινε
1442 1459 1636 1541 λόγον.
1708 1457 1946 1520 Ἀστυά-

341 1573 448 1629 γης
481 1548 542 1607 δὲ
573 1546 824 1625 κρύπτων
853 1547 952 1608 τόν
979 1550 1035 1607 οἱ
1061 1548 1267 1627 ἐνείχεε
1288 1546 1467 1626 χόλον
1494 1547 1585 1607 διὰ
1608 1546 1674 1608 τὸ
1699 1546 1944 1629 γεγονὸς,

342 1639 538 1712 πρῶτα
554 1638 674 1711 μὲν,
692 1634 937 1713 κατάπερ
956 1633 1167 1710 ἤκουσε
1188 1633 1352 1697 αὐτὸς
1370 1634 1510 1712 πρός
1532 1639 1635 1695 τοῦ
1659 1634 1947 1711 βουκόλου

347 1722 414 1783 τό
449 1727 702 1804 πρῆγμα,
736 1722 914 1783 πάλιν
948 1721 1227 1804 ἀπηγέετο
1256 1726 1334 1801 τῷ
1361 1720 1646 1804 Ἀρπάγῳ·
1688 1718 1831 1799 μετὰ
1870 1722 1944 1794 δὲ,

345 1809 418 1873 ὥς
449 1812 504 1870 οἶ
537 1809 975 1891 ἐπαλιλλόγητο,
1004 1811 1301 1887 κατέβαινε
1332 1811 1515 1891 λέγων
1547 1809 1620 1873 ὥς
1645 1818 1682 1845 “
1694 1810 1953 1886 περίεστί

346 1924 411 1958 τε
442 1898 475 1958 6
506 1902 670 2006 παῖςἥ
671 1898 762 1957 καὶ
794 1897 862 1957 τό
892 1897 1123 1980 γεγονὸς
1157 1900 1272 1976 ἔχει
1304 1902 1505 1961 καλῶς·
1530 1901 1609 1975 τῷ
1631 1922 1693 1957 τε
1716 1896 1826 1978 γὰρ
1852 1922 1945 1957 πε-

341 1987 638 2066 ποιημένω,
638 1985 802 2063 ”ἔφη
827 1987 1023 2068 λέγων,
1052 1996 1089 2022 “
1105 1991 1162 2049 ἐς
1180 1984 1279 2045 τὸν
1297 1986 1472 2057 παῖδα
1489 1989 1688 2045 τοῦτον
1714 1987 1947 2060 ἔκαμνον

341 2075 616 2157 μεγάλως,
648 2076 741 2135 καὶ
773 2077 1007 2157 θυγατρὶ
1037 2079 1110 2154 τῇ
1145 2079 1253 2153 ἐμῇ
1284 2073 1739 2151 διαβεβλημένος
1764 2098 1863 2132 ουκ
1890 2078 1948 2133 ἐν

343 2167 573 2242 ἐλαφριῖ
599 2162 913 2241 ἐποιεύμην·
942 2189 1014 2226 ως
1039 2162 1111 2222 ὧν
1137 2167 1237 2238 τῆς
1260 2161 1434 2240 τύχης
1460 2187 1517 2219 ευ
1542 2158 1946 2238 μετεστεώσης,

342 2255 509 2310 τοῦτο
539 2253 643 2326 μὲν
672 2250 770 2311 τᾶν
803 2255 1048 2310 σέωυτοΰ
1079 2250 1255 2309 παῖδα
1287 2248 1627 2327 ἀπόπεμψον
1661 2247 1816 2325 παρὰ
1849 2248 1948 2315 τὸν

342 2338 518 2397 παῖδα
539 2337 640 2396 τὸν
663 2336 921 2413 νεήλυδα,
942 2342 1108 2397 τοῦτο
1129 2338 1206 2407 δὲ,
1228 2337 1487 2418 (σῶστρα
1504 2336 1616 2417 γὰρ
1634 2340 1735 2395 τοῦ
1750 2334 1949 2399 παιδός

343 2425 538 2501 μέλλω
565 2423 715 2483 θύειν
738 2428 891 2483 τοῖσι
917 2424 1056 2484 θεῶν
1081 2422 1217 2499 τιμὴ
1245 2423 1385 2500 αὕτη
1409 2422 1789 2503 προσκέεται,)
1808 2423 1947 2501 πάρ-

252 2513 365 2573 119
386 2510 511 2571 ισθί
548 2534 648 2587 μοι
685 2510 776 2569 ἐπὶ
821 2509 1095 2570 δεῖπνον.”
1155 2510 1448 2591 Ἅρπαγος
1485 2513 1591 2586 μὲν
1630 2511 1702 2574 ὥς
1738 2510 1949 2586 ἤκουσε

339 2602 535 2669 ταῦτα,
561 2597 976 2675 προσκυνήσας,
1006 2598 1098 2656 καὶ
1120 2597 1351 2679 μεγάλα
1374 2596 1753 2674 ποιησάμενος
1777 2598 1865 2660 ὅτι
1887 2623 1950 2660 τε

341 2685 382 2763 ἦ
421 2685 672 2764 άμαρτάς
711 2688 768 2745 οἶ
807 2691 863 2749 ἐς
901 2686 1026 2745 δέον
1066 2685 1317 2766 ἐγεγόνεε
1358 2686 1451 2744 καὶ
1491 2683 1577 2745 ὅτι
1617 2686 1709 2745 ἐπὶ
1741 2685 1950 2766 τύχῃσι

343 2778 635 2854 χρηστῇσι
667 2774 759 2833 ἐπὶ
797 2773 1018 2833 δεῖπνον
1055 2774 1311 2849 κέκλητο,
1345 2770 1434 2848 ἤϊε
1466 2777 1521 2836 ἐς
1549 2772 1623 2832 τὰ
1650 2774 1814 2832 οἰκία·
1857 2780 1949 2835 ἐσ-

347 2860 540 2922 ελθών·
563 2862 623 2922 δὲ
655 2860 759 2937 τήν
792 2861 1086 2940 ταχίστην,
1121 2860 1195 2936 ἦν
1229 2860 1339 2942 γάρ
1378 2864 1431 2921 οῖ
1466 2864 1598 2924 παῖς
1635 2860 1711 2925 εἷς
1745 2865 1951 2939 μοῦνος

347 2951 472 3011 ἔτεα
500 2951 630 3028 τρία
663 2950 755 3009 καὶ
788 2949 921 3009 δέκα
953 2974 1053 3008 κου
1077 2949 1335 3026 μάλιστα
1357 2948 1615 3030 γεγονώς,
1641 2954 1841 3009 τοῦτον
1866 2954 1951 3008 ἐκ-

343 3039 569 3116 πέμπει,
599 3038 736 3097 ἰέναι
760 3061 822 3095 τε
849 3035 1086 3096 κελεύων
1120 3041 1177 3100 ἐς
1198 3034 1543 3117 Ἀστυάγεος
1569 3038 1661 3095 καὶ
1685 3035 1893 3095 ποιέειν
1917 3034 1950 3095 ὅ

342 3153 401 3187 τι
425 3126 495 3187 αν
521 3129 723 3187 ἐκεῖνος
749 3123 966 3202 κελεύῃ·
995 3122 1161 3187 αυτός
1186 3124 1247 3183 δὲ
1272 3123 1578 3203 περιχαρὴς
1604 3123 1721 3193 ἐῶν,
1752 3121 1951 3198 φράζει

344 3219 418 3293 τῇ
445 3214 664 3295 γυναικὶ
693 3211 764 3272 τοὶ
795 3210 1249 3292 συγκυρήσαντα.
1329 3210 1650 3319 Ἀστυάγης
1686 3210 1762 3277 δὲ,
1796 3206 1866 3268 ὥς
1898 3211 1953 3266 οἱ

363 3300 578 3362 ’πίκετο
619 3301 650 3363 6
687 3298 978 3381 Ἀρπάγου
1019 3303 1167 3369 παῖς,
1206 3281 1437 3374 σφάξας
1478 3297 1645 3357 αὐτὸν
1686 3295 1777 3353 καὶ
1811 3292 1950 3353 κατὰ
