2267 3517
323 167 402 225 65,
431 164 518 230 66]
987 165 1253 214 θΑΛΕΙΑ.
1820 165 1919 213 233

319 269 436 320 μοι,
493 243 584 302 καὶ
637 243 876 320 Σμέρδιν
926 242 1027 303 τᾶν
1079 242 1275 320 Κύρου
1324 243 1523 319 μηκέτι
1573 243 1705 319 ὖμῖν
1760 241 1922 304 ἐόντα

321 331 640 412 λογίζεσθε·
683 333 737 389 οἱ
774 330 834 388 δὲ
872 330 1004 406 ὑμῖν
1044 329 1240 410 Μάγοι
1281 329 1578 406 κρατέουσι
1616 333 1725 390 τῶν
1747 331 1921 406 βασι-

321 418 512 493 ληΐων,
554 417 654 478 τόν
691 443 756 477 τε
808 417 1005 477 ἔλιπον
1047 417 1348 494 ἐπίτροπον
1386 420 1496 475 τῶν
1512 463 1523 476 .
1538 417 1719 475 οἰκίων
1759 418 1850 476 καὶ
1887 417 1923 479 ὅ

321 506 530 566 ἐκείνου
583 505 864 581 α’,δελφεὸς
904 504 1160 582 Σμέρδις.
1241 503 1351 564 τὸι)
1379 504 1485 580 μέν
1524 529 1621 564 νυν
1663 503 1921 580 μάλιστα

319 597 480 670 χρῆν,
533 596 664 670 ἐμεῦ
716 591 928 671 αἰσχροὶ
979 591 1119 668 πρὸς
1157 595 1268 650 τῶν
1308 589 1523 671 Μάγων
1562 591 1923 664 πεπονθότος,

320 681 604 757 τιμωρέειν
637 681 779 757 ἐμοὶ,
809 678 970 744 οὗτος
1004 681 1106 755 μὲν
1136 678 1343 756 οἷνοσίῳ
1377 678 1533 758 μόρῳ
1567 678 1924 755 τετελεύτηκε

319 766 431 827 ὑπὸ
446 773 556 829 τῶν
576 771 778 828 ἑωυτοῦ
801 765 1175 843 οἶκηῖοτάτων·
1204 765 1403 825 τούτου
1426 765 1485 824 δὲ
1503 766 1701 842 μηκέτι
1723 765 1923 838 ἐόντος,

321 854 547 933 δεύτερα
588 857 698 915 τῶν
740 859 969 923 λοιπῶν,
1013 853 1161 930 ύμῖν,
1206 852 1249 912 ὦ
1292 855 1533 929 Πέρσαι,
1576 853 1792 934 γίνεταί
1827 871 1926 931 μοι

320 941 760 1024 ἀναγκαιότατον
809 943 1173 1003 ἐντέλλεσθαι
1224 941 1297 1000 τοὶ
1338 941 1485 1000 θέλω
1524 966 1623 1016 μοι
1661 942 1925 1021 γενέσθαι

320 1035 592 1090 τελευτῶν
643 1031 742 1091 τᾶν
781 1032 932 1106 βίον·
1001 1030 1094 1089 καὶ
1146 1028 1213 1104 δή
1254 1026 1385 1104 ύμῖν
1421 1026 1553 1086 τάδε
1595 1028 1918 1103 ἐπισκήπτω

323 1117 482 1180 θεοὺς
525 1117 655 1180 τοῦς
693 1119 1033 1194 βασιληίους
1081 1116 1403 1185 ἐπικαλέων,
1447 1115 1539 1173 καὶ
1578 1119 1755 1175 πᾶσιν
1794 1116 1926 1194 ύμῖν

324 1205 417 1263 καὶ
475 1205 733 1280 μάλιστα
791 1204 1217 1283 Ἀχαιμενιδέων
1276 1206 1430 1262 τοῖσι
1489 1207 1779 1280 παρεοῦσι,
1842 1205 1923 1281 μή

322 1293 584 1367 περιϊδεῖν
607 1291 712 1368 τὴν
746 1292 1046 1373 ἡγεμονίην
1073 1290 1229 1354 αὖτις
1256 1296 1311 1354 ἐς
1346 1290 1577 1366 Μήδους
1602 1293 1924 1368 περιελθοῦ-

323 1403 454 1438 σαν·
495 1379 645 1449 ἅλλ’,
676 1380 784 1439 εἴτε
809 1379 956 1458 δόλῳ
983 1381 1177 1457 ἔχουσι
1204 1377 1377 1453 αὐτὴν
1411 1378 1750 1456 κτησάμενοι
1777 1379 1925 1460 δόλῳ

321 1465 689 1544 α’,παιρεθῆναι
713 1466 824 1527 ὖπὸ
861 1467 1058 1544 ῦμέων·
1103 1467 1212 1527 εἴτε
1253 1467 1347 1525 καὶ
1382 1467 1573 1526 σθένεΐ
1603 1492 1709 1546 τεῳ
1736 1493 1924 1547 κατερ-

319 1555 648 1634 γασάμενοι,
683 1555 871 1616 σθένεϊ
913 1555 1054 1615 κατὰ
1090 1555 1160 1614 τὸ
1205 1554 1469 1632 καρτερὰν
1494 1553 1923 1616 ἀνασώσασθαι.

321 1643 413 1701 καὶ
438 1647 614 1703 ταῦτα
643 1646 748 1721 μὲν
777 1646 1002 1702 ποιεῦσι
1033 1641 1165 1719 ύμῖν
1205 1645 1289 1722 γῆ
1322 1667 1385 1701 τε
1426 1643 1637 1720 καρπόν
1680 1645 1923 1722 ἐκφέροι,

320 1731 412 1790 καὶ
449 1732 706 1812 γυναῖκές
743 1757 809 1792 τε
849 1731 942 1790 καὶ
981 1729 1215 1807 ποίμνια
1253 1731 1507 1800 τίκτοιεν,
1537 1728 1694 1790 ἐοῦσι
1732 1736 1786 1796 ἐς
1821 1730 1925 1792 τᾶν

319 1816 536 1878 ἅπαντα
567 1820 772 1898 χρόνον
809 1819 1175 1895 ἐλευθέροισι·
1217 1817 1297 1894 μή
1338 1816 1828 1895 ἀνασωσαμένοισι
1862 1819 1923 1879 δὲ

315 1905 420 1981 τήν
453 1905 636 1986 ἀρχήν
675 1906 803 1984 μηδ’
834 1905 1231 1984 ἐπιχειρήσασι
1272 1903 1575 1975 ἀνασώζειν
1603 1905 1676 1964 τοὶ
1704 1906 1923 1966 ἐναντία

316 1993 570 2052 τούτοισι
608 1993 844 2070 οἷρέομαι
883 1993 1016 2068 ὑμῖν
1054 1993 1339 2072 γενέσθαι·
1383 1991 1475 2049 καὶ
1514 1991 1655 2068 πρὸς
1684 1992 1763 2051 ἔτι
1795 1993 1920 2052 τού-

315 2104 484 2150 τοισι,
525 2078 592 2139 τό
632 2079 797 2142 τέλος
837 2079 1106 2156 Περσέων
1150 2079 1365 2158 ἑκάστῳ
1408 2078 1761 2159 ἐπιγενέσθαι
1802 2079 1920 2140 οἶον

319 2168 443 2242 ἐμοὶ
469 2165 807 2249 ἐπιγέγονε·”
889 2167 1007 2244 ἅμα
1039 2193 1102 2227 τε
1140 2169 1296 2230 εἴπας
1332 2169 1508 2226 ταῦτα
1534 2166 1567 2225 ὅ
1594 2167 1921 2244 Καμβύσης

242 2293 246 2300 -
316 2250 588 2314 ἀπέκλαιε
626 2258 824 2314 πᾶσαν.
859 2254 963 2330 τήν
1002 2259 1205 2314 ἑωυτοῦ
1245 2255 1465 2331 πρῆξιν·
1510 2252 1735 2330 Πέρσαι
1768 2253 1813 2313 δ’
1850 2255 1920 2319 ὥς
1938 2259 2013 2316 66

317 2339 418 2400 τὸν
467 2342 723 2418 βασιλέα
778 2341 924 2402 εἶδον
977 2341 1429 2413 ἀνακλαύσαντα,
1482 2341 1685 2406 πάντες
1700 2409 1715 2424 ο
1733 2342 1805 2402 τά
1856 2369 1919 2403 τε

320 2430 558 2504 ἐσθῆτος
609 2429 849 2507 ἐχόμενα
909 2429 1061 2508 εἶχον
1127 2433 1305 2488 ταῦτα
1366 2430 1771 2506 κατηρείκοντο,
1825 2431 1919 2490 καὶ

319 2519 533 2596 οἰμωγῇ
587 2515 814 2596 οἷφθόνῳ
869 2516 1211 2595 διεχρέωντο.
1292 2515 1435 2593 μετοῖ
1489 2517 1549 2576 δὲ
1598 2521 1791 2590 ταῦτα,
1848 2518 1921 2582 ὥς

319 2604 668 2678 ἐσφακέλισέ
718 2630 781 2664 τε
833 2605 900 2664 τό
955 2604 1157 2664 ὁστέον
1211 2605 1303 2664 καὶ
1358 2604 1392 2664 ὁ
1442 2604 1622 2682 μηρός
1672 2605 1919 2686 τάχιστα

318 2690 520 2768 ἐσάπη,
576 2691 834 2768 ἀπήνεικε
875 2691 1203 2768 Καμβύσεα
1252 2692 1357 2752 τόν
1398 2692 1605 2769 Κύρου,
1645 2693 1920 2768 βασιλεύ-

316 2803 498 2838 σαντα
541 2771 646 2856 μὲν
689 2780 760 2839 τοὶ
803 2778 988 2839 πάντα
1035 2779 1177 2839 ἑπτοὶ
1224 2781 1345 2839 ἔτεα
1386 2780 1478 2838 καὶ
1517 2784 1697 2857 μῆνας
1734 2780 1915 2852 πέντε,

315 2864 524 2925 ἄπαιδα
572 2868 631 2926 δὲ
680 2867 748 2926 τὸ
801 2866 1066 2944 παράπαν
1106 2866 1269 2926 ἐόντα
1308 2868 1533 2944 ἔρσενος
1578 2869 1671 2926 καὶ
1712 2868 1917 2944 θήλεος

311 2952 502 3032 γόνου.
586 2953 854 3032 Περσέων
880 2955 940 3013 δὲ
963 2959 1116 3014 τοῖσι
1147 2959 1423 3032 παρεοῦσι
1456 2954 1690 3030 α’πιστίη
1716 2953 1911 3030 πολλή

312 3039 636 3120 ὑπεκέχυτο,
675 3042 806 3104 τούς
846 3041 1080 3123 Μάγους
1116 3043 1263 3120 ἔχειν
1296 3041 1369 3103 rot
1404 3041 1726 3122 πρήγματα·
1781 3039 1914 3100 ἀλλ’

311 3126 624 3202 ἠπιστέατο
665 3129 756 3189 ἐπὶ
797 3129 1044 3206 διαβολῇ
1099 3132 1271 3188 εἰπεῖν
1319 3127 1643 3205 Καμβύσεα
1682 3127 1757 3186 τὰ
1772 3207 1775 3210 ἢ
1796 3127 1916 3186 εἶπε

311 3217 444 3293 περὶ
468 3222 568 3276 τοῦ
596 3217 865 3295 Σμέρδιος
899 3216 1155 3286 θανάτου,
1187 3217 1275 3276 ἵνα
1316 3220 1370 3274 οῗ.
1410 3215 1777 3291 ἐκπολεμωθῇ
1802 3217 1919 3273 πᾶν

311 3303 378 3364 τὰ
405 3306 707 3382 Περσικόν·
751 3302 904 3366 οὗτοι
929 3303 1036 3382 μέν
1067 3329 1165 3364 νυν
1202 3301 1513 3380 ἠπιστέατο
1545 3300 1785 3379 Σμέρδιν
1813 3299 1916 3362 τᾶν

462 3389 519 3432 19
767 3389 773 3394 '
