2267 3517
279 74 379 125 104
490 120 493 126 .
888 74 1254 126 ἮΡοΔοῑποί·
1809 74 1880 141 [1.

278 156 358 232 τῷ
389 155 593 215 ἑωυτοῦ
624 153 782 215 παιδὶ
817 152 1134 233 Καμβύσῃ,
1170 158 1247 232 τῷ
1283 179 1391 231 περ
1432 152 1536 230 τὴν
1568 155 1888 231 βασιληίην

282 240 481 311 ἐδίδου,
520 242 613 301 καὶ
654 241 850 301 πολλὰ
892 240 1274 318 ἐντειλάμενός
1316 244 1371 300 οἱ
1411 245 1578 317 τιμᾶν
1618 268 1681 302 τε
1715 240 1886 303 αὖτόν

282 328 377 387 καὶ
412 327 471 388 εὖ
502 330 711 389 ποιέειν
734 326 804 405 ἢν
829 328 867 407 ἦ
894 327 1161 406 διάβασις
1187 326 1225 405 ἦ
1257 329 1349 388 ἐπὶ
1375 330 1767 411 Μασσαγέτας
1801 328 1884 407 μὴ

282 415 523 495 ὀρθωθῇ,
548 422 724 478 ταῦτα
752 416 1130 494 ἐντειλάμενος
1168 417 1261 478 καὶ
1292 416 1635 481 ἀποστείλας
1658 415 1885 481 τούτους

282 507 338 567 ἐς
363 505 613 582 Πέρσας,
640 504 807 568 αὖτὸς
834 504 1081 582 διέβαινε
1107 504 1206 565 τόν
1230 503 1488 582 ποταμόν
1519 506 1612 564 καὶ
1645 504 1678 566 ὁ
1712 531 1884 582 στρα-

186 593 303 652 209
321 590 419 656 τὸς
460 591 643 653 αὖτοῦ.
726 591 893 652 Ἐπεί
929 618 991 653 τε
1033 592 1094 651 δὲ
1137 592 1446 670 ἐπεραιώθη
1491 592 1594 654 τὸν
1625 591 1881 669 Ἀράξεα,

281 679 475 743 νυκτός
501 678 866 756 ἐπελθούσης,
902 678 1011 739 εἶδε
1036 677 1168 759 ὄψιν
1195 680 1361 740 εὕδων
1402 685 1459 739 ἐν
1497 684 1607 741 τῶν
1635 686 1882 741 Μασσα-

281 768 485 849 γετέων
520 770 594 846 τῇ
632 766 788 847 χώρῃ
822 766 1057 844 τοιήνδε·
1100 766 1282 827 ἐδόκεε
1307 766 1340 827 ὁ
1367 772 1554 846 Κῦρος
1593 772 1653 827 ἐν
1681 772 1760 847 τῷ
1781 767 1882 828 ὕπ-

282 880 359 934 νῳ
400 853 536 933 ὁρᾶν
574 859 685 915 τῶν
708 854 1063 919 Ὑστάσπεος
1101 854 1312 916 παίδων
1349 854 1450 917 τόν
1485 855 1884 933 πρεσβύτατον

285 945 485 1021 ἔχοντα
526 942 619 1003 ἐπὶ
648 946 759 1003 τῶν
800 942 959 1021 ὤμων
984 942 1278 1025 πτέρυγας,
1308 943 1402 1003 καὶ
1426 944 1661 1003 τουτέων
1683 948 1756 1022 τῇ
1778 947 1886 1022 μὲν

281 1030 387 1106 τήν
408 1030 610 1108 Ἀσίην
634 1034 707 1110 τῇ
733 1031 793 1090 δὲ
824 1056 927 1106 την
952 1029 1228 1109 Εὐρώπην
1255 1030 1608 1103 ἐπισκιάζειν.
1681 1031 1884 1093 Ὑστά-

282 1127 420 1180 σπεῖ
460 1119 521 1179 δὲ
562 1122 641 1198 τῷ
681 1116 997 1197 Ἀρσάμεος
1037 1116 1184 1180 ἐόντι
1225 1118 1384 1197 ἀνδρὶ
1412 1118 1849 1199 Ἀχαιμενίδῃ’
1812 1146 1884 1195 ην

282 1210 393 1267 τῶν
417 1207 629 1268 παίδων
655 1210 891 1284 Δαρεῖος
916 1206 1326 1285 πρεσβύτατος,
1361 1206 1463 1267 ἐων
1500 1206 1628 1267 τότε
1659 1206 1884 1285 ἡλικίην

284 1298 339 1357 ἐς
364 1296 549 1355 εἴκοσί
569 1321 669 1355 κου
692 1293 951 1372 μάλιστα
978 1295 1121 1353 ἔτεα·
1167 1295 1259 1353 καὶ
1287 1292 1448 1358 οὗτος
1473 1296 1884 1357 καταλέλειπτο

285 1386 345 1442 ἐν
370 1383 657 1462 Πέρσῃσι·
699 1382 765 1442 οὗ
784 1382 909 1464 γὰρ
944 1382 1063 1461 εἶχέ
1096 1408 1174 1442 κω
1203 1381 1427 1460 ἡλικίην
1458 1382 1878 1461 στρατεύεσθαι.

285 1469 405 1529 ἐπεὶ
444 1470 519 1531 ὧν
558 1470 627 1547 δή
660 1470 920 1552 ἐξεγέρθη
962 1469 993 1529 ὁ
1029 1474 1234 1547 Κῦρος,
1270 1470 1448 1531 ἐδίδου
1489 1469 1666 1553 λόγον
1707 1475 1884 1552 ἑωυτῷ

283 1557 415 1636 περὶ
462 1562 563 1635 τῆς
604 1556 783 1637 ὄψιος·
832 1556 904 1621 ὥς
947 1557 1011 1616 δέ
1048 1560 1103 1618 οἱ
1157 1557 1340 1618 ἐδόκεε
1382 1558 1606 1640 μεγάλη
1655 1559 1796 1620 εἶναι
1842 1560 1882 1637 ἦ

284 1645 429 1723 ὄψις,
484 1648 733 1710 καλέσας
767 1644 1113 1706 ΙὙστάσπεα
1169 1647 1264 1706 καὶ
1313 1646 1626 1723 ἀπολαβὼν
1675 1652 1884 1724 μοῦνον

292 1734 432 1793 εἶπε·
491 1733 883 1807 “”Υστασπες,
926 1736 1060 1798 παῖς
1095 1726 1202 1797 σός
1237 1732 1618 1811 ἐπιβουλεύων
1657 1736 1789 1813 ἐμοί
1819 1762 1883 1797 τε

286 1822 379 1883 καὶ
402 1826 474 1903 τῇ
501 1826 609 1903 ἐμῇ
634 1822 784 1903 ἀρχῇ
810 1821 1036 1904 ἑάλωκε·
1065 1822 1138 1887 ὥς
1162 1823 1222 1883 δὲ
1249 1826 1428 1883 ταῦτα
1450 1822 1716 1901 ἀτρεκέως
1739 1824 1880 1895 οἶδα,

286 1910 397 1993 ἐγὼ
436 1912 716 1990 σημανέω·
774 1914 906 1989 ἐμεΰ
950 1910 1069 1971 θεοὶ
1110 1911 1386 1988 κηδέαται,
1429 1912 1526 1970 καί
1561 1936 1662 1988 μοι
1699 1912 1884 1974 πάντα

284 1998 708 2079 προδεικνύουσι
752 1998 827 2061 τὰ
868 1996 1262 2077 ἐπιφερόμενα·
1313 1999 1422 2075 ἥδη
1459 1997 1532 2059 ὧν
1572 2005 1631 2059 ἐν
1667 2003 1740 2079 τῇ
1778 2024 1882 2059 πα-

282 2089 583 2169 ροιχομένῃ
623 2086 779 2149 νυκτὶ
824 2086 1007 2157 εὕδων,
1044 2087 1192 2147 εἶδον
1230 2091 1342 2148 τῶν
1381 2090 1499 2147 σῶν
1537 2087 1748 2148 παίδων
1784 2087 1885 2149 τᾶν

283 2176 681 2254 πρεσβύτατον
722 2175 923 2255 ἔχοντα
968 2175 1061 2234 ἐπὶ
1103 2179 1216 2235 τῶν
1257 2173 1417 2251 ὤμων
1455 2175 1749 2256 πτέρυγας,
1790 2177 1884 2235 καὶ

283 2264 521 2323 τουτέων
568 2268 643 2342 τῇ
686 2265 791 2340 μὲν
832 2262 939 2339 τήν
980 2261 1185 2337 Ἀσίην
1235 2267 1308 2341 τῇ
1356 2262 1416 2321 δὲ
1460 2261 1566 2337 τήν
1609 2261 1886 2341 Εὐρώπην

286 2349 642 2422 ἐπισκιάζειν·
684 2349 860 2411 οὔκων
896 2349 1021 2411 ἐστὶ
1050 2349 1277 2429 μηχανὴ
1305 2348 1418 2409 ‹in-<3
1442 2354 1543 2426 τῆς
1569 2348 1730 2429 ὄψιος
1754 2351 1884 2412 ‘raff-
1931 2422 1940 2433 ·

282 2463 385 2514 της
424 2437 669 2515 οὐδεμία,
710 2436 778 2497 τό
811 2437 892 2515 μὴ
929 2441 1109 2498 κεῖνον
1150 2435 1538 2514 ἐπιβουλεύειν
1583 2440 1726 2516 ἐμοί·
1807 2439 1884 2501 σι)

283 2526 469 2586 τοίνυν
483 2525 614 2637 ψτήν
642 2526 927 2638 ταχίστην
951 2524 1187 2603 πορεύεο
1213 2523 1396 2585 ὀπίσω
1427 2530 1484 2589 ἐς
1507 2528 1757 2605 Πέρσας,
1791 2529 1885 2589 καὶ

284 2613 440 2674 ποίεε
474 2639 615 2677 οκως
647 2613 818 2673 ἐπεὰν
858 2612 967 2696 ἐγω
1003 2612 1138 2674 τάδε
1177 2611 1701 2693 καταστρεψάμενος
1737 2616 1892 2677 ἔλθω,

286 2704 413 2775 ἐκεῖ,
464 2701 537 2767 ὥς
586 2727 686 2780 μοι
738 2701 1100 2781 καταστήσῃς
1144 2701 1244 2763 τόν
1283 2702 1456 2762 παῖδα
1497 2707 1554 2767 ἐς
1601 2705 1906 2787 ἔλεγχονῖῗ-

191 2784 307 2845 210
328 2787 517 2862 Κῦρος
549 2786 654 2861 μὲν
681 2783 881 2845 δοκέων
909 2782 1151 2861 Δαρεῖόν
1190 2786 1244 2843 οἶ
1279 2783 1682 2861 ἐπιβουλεύειν,
1725 2790 1889 2869 ἔλεγε

283 2870 435 2932 τάδε·
490 2876 567 2951 τῷ
617 2872 677 2931 δὲ
724 2871 757 2932 ὁ
804 2872 1012 2951 δαίμων
1063 2872 1387 2950 προέφαινε,
1442 2899 1544 2936 ως
1564 2872 1728 2937 αυτός
1778 2878 1886 2951 μὲν

282 2960 640 3037 τελευτήσειν
689 2958 859 3020 αὐτοῦ
908 2959 1083 3039 ταύτῃ
1141 2961 1350 3038 μέλλοι
1399 2959 1439 3036 ἡ
1496 2961 1556 3021 δὲ
1600 2963 1886 3039 βασιληίη

285 3044 457 3111 αύτοῦ
494 3049 823 3129 περιχωρέοι
862 3053 919 3113 ἐς
955 3051 1210 3124 Δαρεῖον.
1296 3047 1592 3126 ἀμείβεται
1626 3049 1695 3125 δή
1739 3048 1813 3110 ὧν
1851 3052 1884 3111 ὅ

282 3134 617 3216 Ὑστάσπης
640 3137 851 3198 τοῖσδε·
896 3143 931 3173 “
949 3134 992 3195 ὦ
1024 3138 1294 3213 βασιλεῦ,
1321 3135 1402 3214 μὴ
1445 3136 1530 3213 εἴη
1569 3135 1710 3213 α’νήρ
1737 3137 1886 3214 Πέρ-

285 3247 395 3300 σης
442 3224 685 3308 γεγονὼς
732 3224 892 3288 ὅστις
940 3247 1032 3285 τοι
1082 3224 1498 3302 ἐπιβουλεύσει,
1554 3227 1606 3283 εἰ
1655 3222 1703 3282 δ’
1745 3224 1882 3297 ἔστι,
