2267 3517
344 126 467 193 121]
999 126 1323 178 mmmmm
1849 129 1942 179 165

345 206 693 283 ἐπετελέσθη
715 204 783 267 τό
817 206 1038 282 οἴκημα,
1063 205 1165 266 τόν
1193 207 1297 283 μὲν
1320 204 1574 281 βασιλέα
1599 206 1944 283 θησαυρίσαι

342 295 415 355 τοὶ
439 292 703 373 χρήματα
730 298 789 354 ἐν
813 293 977 373 αὐτῷ·
1008 293 1217 372 χρόνου
1244 294 1304 353 δὲ
1327 292 1651 370 περιϊόντος,
1679 292 1779 354 τὸν
1799 298 1942 355 οἰκο-

343 383 519 459 δόμον
549 383 678 459 περὶ
702 381 969 457 τελευτὴν
992 384 1093 441 τοῦ
1116 382 1254 457 βίου
1288 378 1451 441 ἐόντα
1477 379 1943 443 ἀνακαλέσασθαι

342 471 473 534 τούς
507 470 723 539 παῖδας,
751 469 916 551 (εἶναι
945 468 1055 550 γοὶρ
1081 467 1228 547 αὐτῷ
1253 466 1396 546 δύα)
1422 467 1675 527 τούτοισι
1711 468 1770 528 δὲ
1801 468 1942 547 οἷπη-

342 558 639 640 γήσασθαι
676 558 747 621 ὥς
783 558 999 618 ἐκείνων
1033 557 1318 635 προορέων
1353 554 1492 619 ὅκως
1525 557 1662 632 βίον
1692 556 1944 633 ἄφθονον

346 649 535 726 ἔχωσι,
581 646 919 726 τεχνάσαιτο
972 645 1306 722 οἰκοδομέων
1356 642 1456 707 τὸν
1504 645 1789 723 θησαυρόν
1839 650 1943 709 τοῦ

343 734 640 812 βασιλέος
681 734 909 809 σαφέως
948 733 1009 793 δὲ
1040 731 1263 793 αὐτοῖσι
1301 732 1485 793 πάντα
1525 733 1944 815 ἐξηγησάμενον

344 823 417 882 τοὶ
450 823 581 901 περὶ
617 821 721 898 τήν
758 821 1035 898 ἐξαίρεσιν
1068 823 1170 881 τοῦ
1211 821 1391 891 λίθου,
1424 820 1614 881 δοῦναι
1651 820 1724 882 τοὶ
1762 823 1942 901 μέτρα

346 908 530 983 αὖτοῦ,
552 910 793 991 λέγοντα
814 908 885 973 ὥς
909 910 1086 969 ταῦτα
1106 906 1596 984 διαφυλάσσοντες
1620 910 1816 985 ταμίαι
1832 913 1944 970 τῶν

346 998 624 1073 βασιλέος
639 995 939 1077 χρημάτων
960 996 1204 1056 ἔσονται.
1256 995 1349 1056 καὶ
1366 994 1466 1055 τᾶν
1480 996 1586 1072 μὲν
1602 998 1940 1072 τελευτῆσαι

344 1084 446 1146 τόν
469 1087 621 1161 βίον,
646 1085 776 1150 τοῦς
801 1084 861 1144 δὲ
895 1083 1097 1148 παῖδας
1122 1082 1292 1144 αὐτοῦ
1319 1081 1419 1144 οὐκ
1443 1085 1508 1147 ῗές
1530 1082 1751 1161 μακρήν
1778 1084 1944 1165 ἔργου

347 1173 594 1251 ἔχεσθαι,
621 1172 959 1236 ἐπελθόντας
993 1172 1053 1231 δὲ
1086 1172 1178 1231 ἐπὶ
1211 1170 1285 1231 τά
1308 1169 1594 1247 βασιλήϊα
1620 1171 1818 1235 νυκτός
1848 1172 1942 1232 καὶ

345 1260 446 1322 τᾶν
480 1261 644 1321 λίθον
676 1260 768 1319 ἐπὶ
800 1263 879 1339 τῷ
911 1258 1312 1337 οἰκοδομήματι
1347 1258 1691 1336 ἀνευρόντας,
1724 1259 1945 1336 ῥηϊδίως

346 1348 865 1427 μεταχειρίσασθαι,
903 1348 996 1407 καὶ
1033 1352 1144 1409 τῶν
1173 1345 1474 1427 χρημάτων
1512 1347 1708 1407 πολλὰ
1748 1348 1940 1418 ἐξενεί-

349 1438 576 1498 κασθαι·
633 1435 705 1500 ὥς
749 1436 810 1496 δὲ
859 1439 1047 1516 τυχεῖν
1090 1436 1192 1498 τὸν
1235 1437 1491 1512 βασιλέα
1535 1435 1831 1507 ανοίξαντα
1873 1463 1942 1499 το

346 1525 569 1602 οἴκημα,
597 1523 890 1602 θωυμάσαι
924 1523 1111 1585 ἰδόντα
1142 1528 1254 1584 τῶν
1277 1523 1576 1604 χρημάτων
1601 1524 1840 1585 καταδεᾶ
1868 1523 1942 1585 τοὶ

344 1612 573 1695 ἅγγήῖα·
628 1639 729 1673 ουκ
773 1614 919 1693 ἔχειν
966 1612 1027 1671 δὲ
1072 1610 1140 1672 ὅν
1183 1637 1308 1673 τινα
1337 1614 1682 1723 furam-tavae,
1725 1616 1836 1673 τῶν
1879 1637 1944 1673 τε

344 1701 679 1780 σημάντρων
711 1700 911 1761 ἐόντων
941 1700 1101 1760 σῶων
1138 1700 1232 1759 καὶ
1264 1703 1366 1760 τοῦ
1403 1699 1702 1776 οἰκήματος
1737 1704 1944 1760 κεκλει-

343 1790 533 1865 μένου·
574 1789 647 1853 ὥς
686 1790 747 1849 δὲ
786 1788 933 1868 αὐτῷ
973 1788 1067 1847 καὶ
1106 1787 1191 1851 δὶς
1229 1788 1323 1861 καὶ
1359 1788 1480 1864 τρὶς
1519 1786 1799 1857 ἀνοίξαντι
1838 1792 1944 1849 αἰεὶ

346 1875 579 1938 ἐλάσσω
612 1877 915 1954 φαίνεσθαι
948 1874 1022 1935 τοὶ
1056 1873 1338 1955 χρήματα,
1365 1874 1518 1955 (τοῦς
1550 1874 1663 1957 γσῖρ
1701 1876 1946 1940 κλέπτας

346 1963 445 2024 οὔκ
486 1965 693 2025 ἀνιέναι
732 1962 1124 2044 κεραΐζοντας,)
1156 1963 1400 2039 ποιῆσαί
1433 1988 1532 2040 μιν
1569 1962 1720 2021 τάδε·
1759 1963 1944 2044 πάγας

346 2051 662 2128 προστάξαι
698 2051 1068 2130 ἐργάσασθαι,
1104 2051 1196 2110 καὶ
1232 2049 1436 2113 ταύτας
1468 2050 1596 2126 περὶ
1628 2050 1703 2109 τὰ
1737 2048 1945 2130 α’,γγήῖα

348 2143 409 2198 ἐν
447 2142 599 2199 τοῖσι
640 2138 713 2199 τοὶ
751 2137 1013 2216 χρήματα
1054 2144 1184 2214 ἐνῆν
1224 2142 1457 2214 στῆσαι·
1497 2141 1610 2197 τῶν
1647 2136 1708 2195 δὲ
1744 2141 1944 2214 φωρῶν

348 2225 539 2303 ὥσπερ
566 2231 624 2287 ἐν
657 2229 735 2305 τῷ
758 2224 870 2303 πρὸ
902 2230 1005 2287 τοῦ
1029 2225 1216 2306 χρόνῳ
1241 2224 1532 2296 ἐλθόντων,
1560 2225 1653 2284 καὶ
1689 2223 1940 2290 ἐνδύντος

346 2318 449 2374 τοῦ
497 2315 683 2393 ἐτέρου
724 2314 921 2384 αὐτῶν,
966 2316 1086 2374 ἐπεὶ
1124 2314 1268 2393 πρὸς
1305 2314 1373 2376 τό
1415 2313 1589 2395 ἄγγος
1629 2314 1944 2391 προσῆλθε,

349 2402 505 2466 ἰθέως
527 2407 598 2482 τῇ
622 2402 775 2484 πάγῃ
803 2403 1111 2481 ἐνέχεσθαι·
1154 2402 1227 2467 ὥς
1250 2404 1310 2462 δὲ
1333 2407 1538 2484 γνῶναι
1564 2401 1734 2463 αὖτόν
1761 2406 1821 2462 ἐν
1845 2402 1944 2482 οἴῳ

349 2494 497 2569 κακῷ
518 2490 606 2568 ἦν,
629 2491 784 2556 ἰθέως
808 2490 1029 2551 καλέειν
1047 2492 1146 2551 τὸν
1167 2490 1446 2567 σῖδελφεόν
1462 2491 1555 2550 καὶ
1579 2490 1788 2567 δηλοῦν
1801 2489 1948 2570 αὐτῷ

345 2579 420 2639 τοὶ
439 2578 732 2657 παρεόντα,
752 2580 847 2637 καὶ
873 2577 1115 2639 κελεύειν
1134 2577 1240 2654 τήν
1257 2579 1535 2657 ταχίστην
1555 2578 1794 2639 ἐσδύντα
1808 2577 1944 2638 οἷπο-

346 2666 573 2745 τάμνειν
613 2666 781 2727 αὐτοῦ
815 2665 920 2742 τήν
952 2665 1226 2742 κεφαλήν,
1262 2664 1400 2729 ὅκως
1431 2666 1512 2743 μή
1547 2665 1715 2730 αὖτός
1750 2664 1950 2743 ὀφθεὶς

350 2756 443 2814 καὶ
466 2755 793 2836 γνωρισθεὶς
819 2753 880 2818 ὃς
913 2754 997 2829 εἴη
1022 2754 1456 2831 προσαπολέσει
1481 2754 1573 2814 καὶ
1605 2758 1829 2815 ἐκεῖνον·
1869 2757 1949 2834 τῷ

348 2842 409 2901 δὲ
436 2841 595 2913 δόξαι
620 2841 679 2902 εὖ
704 2842 908 2923 λέγειν,
932 2843 1025 2901 καὶ
1050 2841 1296 2917 ποιῆσαί
1314 2867 1412 2919 μιν
1429 2842 1734 2903 πεισθέντα
1751 2846 1947 2903 ταῦτα·

350 2930 443 2989 καὶ
475 2928 909 3008 καταρμόσαντα
939 2928 1039 2990 τόν
1067 2929 1234 2990 λίθον
1267 2928 1488 2989 οἷπιέναι
1527 2928 1612 2989 ἐπ’
1639 2930 1810 3000 οἴκου,
1848 2930 1948 3005 φέ-

348 3044 522 3095 ροντα
566 3018 671 3095 τήν
720 3015 976 3093 κεφαλὴν
1020 3021 1123 3077 τοῦ
1171 3015 1464 3094 ἀδελφεοῦ.
1551 3017 1623 3080 ὥς
1669 3017 1729 3077 δὲ
1767 3016 1950 3095 ἡμέρη

351 3105 588 3188 ἐγένετο,
618 3104 928 3166 ἐσελθόντα
958 3102 1058 3165 τᾶν
1083 3103 1340 3182 βασιλέα
1374 3109 1429 3168 ἐς
1461 3104 1528 3165 τὸ
1555 3103 1761 3179 οἴκημα
1796 3108 1954 3164 ἐκπε·

350 3196 628 3275 πλῆχθαι,
656 3192 891 3272 ὄρέοντα
924 3192 991 3253 τό
1027 3196 1196 3269 σῶμα
1230 3195 1330 3252 τοῦ
1363 3189 1551 3269 φωρδς
1587 3194 1647 3249 ἐν
1684 3192 1758 3267 τῇ
1797 3188 1958 3272 πάγῃ

352 3282 483 3344 ἄνευ
508 3288 611 3362 τῆς
636 3284 892 3361 κεφαλῆς
919 3278 1027 3349 ἐὸν,
1052 3278 1119 3340 τό
1147 3279 1208 3339 δὲ
1239 3279 1445 3356 οἴκημα
1467 3275 1674 3347 ἀσινὲς,
1701 3276 1794 3337 καὶ
1829 3276 1958 3340 οὔτε
