2267 3517
332 137 481 188 340
944 129 1310 177 ἮΡοΔοΤοϊ
1817 123 1948 188 [IV.

342 213 435 270 καὶ
462 212 779 279 Καύκωνας,
807 209 1037 271 τούτους
1064 206 1109 266 δ’
1139 205 1555 276 ἐξελάσαντες’
1530 230 1591 263 εκ
1616 207 1719 279 τῆς
1744 204 1951 282 χώρης,

345 301 531 377 σφέας
558 299 756 360 αὐτους
783 298 845 366 ἓξ
867 297 1068 372 μοίρας
1094 296 1321 353 διεῖλον·
1365 293 1457 350 καὶ
1499 293 1688 350 ἔπειτα
1724 293 1954 352 ἔκτισαν

338 389 541 449 πόλιας
556 386 729 445 τάσδε
758 391 815 444 ἐν
837 383 1077 452 αύτοῖσι,
1096 384 1366 460 Λέπρεον,
1388 380 1703 448 Μάκιστον,
1727 380 1953 456 Φρίξας,

346 475 593 553 Πύργον,
620 473 841 541 Ἔπιον,
872 472 1136 531 Νούδιον·
1183 470 1442 550 (τουτέων
1483 469 1539 526 δὲ
1571 469 1668 530 τας
1707 471 1956 531 πλεῦνας

344 560 428 619 ἐπ’
471 562 599 635 ἐμέο
641 560 863 618 Ἠλεῖοι
907 559 1278 637 ἐπόρθησαν)
1319 560 1392 635 τῇ
1433 557 1491 614 δὲ
1533 556 1686 633 νήσῳ
1723 557 1814 614 ἐπὶ
1850 559 1954 614 τοῦ

249 650 361 708 149
382 650 635 708 οἰκιστέω
668 648 825 724 Θήρα
860 648 897 723 ἦ
932 648 1209 723 ἐπωνυμίη
1238 645 1475 726 ἐγένετο.
1545 643 1612 700 ‘O
1643 644 1702 700 δὲ
1727 647 1859 706 παῖς
1885 643 1954 702 οὗ

340 737 449 817 γὰρ
467 738 577 811 ἔφη
599 740 651 794 οἱ
668 734 1156 812 συμπλεύσεσθαι,
1177 738 1452 811 τοιγαρῶν
1472 733 1584 807 ἔφη
1601 730 1768 790 αύτὸν
1785 756 1953 790 κατα-

345 825 560 902 λείψειν
586 823 671 883 ὄϊν
698 830 755 882 ἐν
783 823 1026 882 λύκοισι·
1073 822 1163 879 ἐπὶ
1191 823 1291 880 τοῦ
1319 822 1478 882 ἔπεος
1512 818 1713 877 τούτου
1741 818 1956 893 οὕνομα

341 915 418 989 τῷ
458 912 724 989 νεηνίσκῳ
756 909 931 988 τούτῳ
968 907 1263 969 Ὀἳόλυκος
1310 909 1548 986 ἐγένετο·
1604 906 1700 964 καί
1740 931 1844 968 κως
1883 906 1954 966 τό

344 997 555 1076 οὕνομα
607 1005 775 1059 τοῦτο
830 997 1194 1074 ἐπεκράτησε.
1275 994 1576 1054 Ὀἴολύκου
1629 993 1689 1052 δὲ
1738 994 1955 1075 γίνεται

345 1087 559 1168 Αἰγεύς,
588 1087 700 1146 ‹in-6
728 1091 828 1146 τοῦ
855 1085 1108 1165 Αἰγεῖδαι
1131 1087 1429 1143 καλεῦνται
1456 1082 1613 1159 φυλή
1640 1081 1862 1162 μεγάλη
1893 1087 1955 1140 ἐν

345 1175 593 1254 Σπάρτῃ.
661 1179 815 1235 τοῖσι
840 1174 901 1232 δὲ
926 1177 985 1232 ἐν
1003 1175 1075 1251 τῇ
1102 1175 1264 1250 φυλῇ
1281 1171 1455 1250 ταύτῃ
1483 1170 1720 1246 ἀνδράσι
1746 1169 1810 1229 οὔ
1837 1170 1949 1250 γοὶρ

341 1262 639 1339 ὑπέμειναν
674 1263 746 1323 τσῖ
784 1263 967 1331 τέκνα,
1004 1259 1304 1338 ἱδρύσαντο
1339 1263 1397 1317 ἐκ
1431 1259 1771 1334 θεοπροπίου
1802 1256 1949 1334 Ἐρι-

347 1350 486 1410 νύων
525 1354 635 1410 τῶν
675 1351 853 1410 Λαΐου
893 1375 954 1408 τε
997 1348 1089 1406 καὶ
1123 1347 1432 1406 Οἰδιπόδεω
1477 1345 1613 1422 ἱρόν·
1670 1346 1762 1404 καὶ
1806 1345 1953 1422 μετοὶ

343 1442 509 1496 τοῦτο
528 1438 806 1515 ὑπέμεινε.
867 1435 1045 1496 τῶυτό
1071 1441 1238 1495 τοῦτο
1267 1434 1359 1492 καὶ
1386 1438 1444 1493 ἐν
1470 1432 1628 1510 Θήρῃ
1654 1437 1806 1492 τοῖσι
1833 1431 1951 1492 ἅπό

343 1528 455 1583 τῶν
480 1523 692 1600 ἀνδρῶν
715 1524 925 1583 τούτων
949 1522 1237 1604 γεγονόσι.

254 1613 368 1668 150
471 1612 659 1688 Μέχρι
695 1611 799 1685 μέν
826 1636 923 1669 νυν
948 1610 1150 1668 τούτου
1186 1613 1288 1669 τοῦ
1315 1609 1493 1690 λόγου
1520 1608 1952 1690 Λακεδαιμόνιοι

346 1699 643 1774 Θηραίοισι
686 1695 827 1756 κατοῖ
875 1695 1051 1756 ταύτὰ
1098 1697 1356 1776 λέγουσι·
1398 1695 1462 1755 τὸ
1505 1695 1565 1754 δὲ
1605 1695 1717 1754 οἷπὸ
1747 1696 1952 1774 τούτου

344 1788 541 1860 μοῦνοι
573 1788 808 1861 Θηραῖοι
842 1782 945 1842 ὦδε
975 1784 1242 1865 γενέσθαι
1269 1784 1526 1864 λέγουσι·
1569 1787 1768 1859 Γρῖνος
1793 1784 1824 1842 ὅ
1853 1783 1952 1843 Αί-

346 1873 560 1942 σανίου,
603 1872 703 1933 ἐων
739 1872 899 1951 Θήρα
938 1871 1137 1931 τούτου
1179 1870 1455 1950 ἀπόγονος
1496 1872 1590 1930 καὶ
1627 1872 1952 1952 βασιλεύων

347 1961 533 2036 Θήρης
556 1965 657 2036 τῆς
682 1961 876 2037 νήσου,
904 1959 1139 2018 απίκετο
1165 1964 1221 2022 ἐς
1247 1957 1574 2033 Δελφους”
1539 1984 1685 2039 αγων
1713 1984 1824 2018 απο
1849 1963 1954 2035 τῆς

345 2047 544 2111 πόλιος
588 2049 931 2124 εκατόμβην·
990 2047 1216 2106 εἵποντο
1263 2046 1326 2104 δέ
1379 2048 1432 2104 οἶ
1488 2046 1580 2104 καὶ
1625 2043 1798 2104 αλλοι
1842 2051 1954 2107 τῶν

346 2138 658 2212 πολιητέων
688 2137 781 2196 καὶ
817 2133 885 2209 δη
920 2135 1013 2192 καὶ
1050 2134 1268 2197 Βάττος
1305 2132 1338 2192 ὅ
1376 2133 1817 2210 Πολυμνήστου,
1851 2136 1953 2194 ε’ων

347 2223 506 2302 γένος
546 2223 864 2299 Εὗθυμίὸης
915 2224 1025 2281 τῶν
1077 2222 1350 2281 Μινυέων·
1420 2221 1712 2300 χρεωμένῳ
1767 2222 1826 2280 δὲ
1877 2228 1956 2301 τῷ

347 2310 522 2388 Γρίνῳ
556 2313 633 2388 τῷ
662 2309 905 2386 βασιλέϊ
937 2311 1047 2367 τῶν
1081 2309 1336 2384 Θηραίων
1368 2309 1496 2385 περὶ
1540 2308 1734 2368 ἄλλων
1766 2315 1881 2389 χρᾷ
1915 2311 1954 2385 ἦ

352 2396 538 2471 Πυθίη
566 2398 765 2466 κτίζειν
791 2401 849 2456 ἐν
874 2395 1065 2474 Λιβύῃ
1090 2396 1278 2457 πόλιν·
1314 2396 1347 2456 ὅ
1375 2397 1434 2455 δὲ
1460 2395 1732 2472 ἀμείβετο
1753 2398 1953 2476 λέγων·

348 2493 385 2518 “
401 2482 507 2565 ἐγώ
533 2485 652 2560 μὲν,
683 2483 842 2553 ὦναξ,
870 2483 1257 2560 πρεσβύτερός
1281 2509 1344 2544 τε
1369 2482 1478 2559 ἤδη
1515 2485 1628 2560 εἰμὶ
1655 2485 1746 2542 καὶ
1772 2485 1958 2561 βαρύς

348 2570 653 2648 ἀείρεσθαι·
702 2571 777 2630 σι)
818 2571 882 2630 δέ
916 2596 1040 2630 τινα
1081 2571 1250 2631 τῶνδε
1293 2576 1403 2632 τῶν
1446 2574 1721 2649 νεωτέρων
1764 2577 1958 2632 κέλευε

345 2663 523 2720 ταῦτα
562 2658 820 2720 ποιέειν.”
888 2658 1007 2735 ἅμα
1045 2685 1107 2718 τε
1156 2661 1315 2739 ἔλεγε
1355 2663 1532 2720 ταῦτα
1578 2661 1672 2720 καὶ
1719 2660 1959 2720 ἐδείκνυε

350 2753 405 2811 ἐς
435 2746 536 2808 τᾶν
568 2747 805 2808 Βάττον.
872 2746 1002 2807 τότε
1026 2749 1130 2823 μὲν
1157 2752 1431 2807 τοσαῦτα.
1501 2748 1646 2826 μετὰ
1674 2748 1751 2817 δὲ,
1781 2747 1955 2807 οἷπελ-

350 2834 539 2898 θόντες
569 2835 807 2916 ἀλογίην
840 2835 992 2914 εἶχον
1021 2839 1122 2894 τοῦ
1162 2836 1529 2913 χρηστηρίου,
1566 2835 1691 2895 οὔτε
1733 2836 1959 2911 Λιβύην

349 2922 550 2986 εἰδότες
573 2923 708 2983 ὅκου
732 2927 838 3003 γῆς
864 2924 946 2996 εἴη
967 2922 1093 2981 οὔτε
1110 2926 1436 2999 ’τολμῶντες
1455 2930 1510 2986 ἐς
1530 2924 1741 2997 ἀφανὲς
1760 2929 1956 3000 χρῆμα

253 3010 366 3067 151
388 3009 764 3070 ἀποστέλλειν
784 3010 1060 3082 ἀποικίην.
1127 3009 1310 3068 Ἑπταῖ
1337 3010 1398 3068 δὲ
1425 3011 1588 3068 ἐτέων
1613 3010 1755 3086 μετὰ
1779 3015 1957 3069 ταῦτα

354 3095 452 3154 οὐκ
492 3096 555 3155 ὗε
585 3097 689 3172 τὴν
726 3096 931 3173 Θήρην·
989 3099 1047 3153 ἐν
1084 3099 1239 3154 τοῖσι
1268 3097 1340 3155 τοὶ
1373 3097 1594 3172 δένδρεα
1627 3097 1810 3157 πάντα
1841 3104 1957 3172 σφι

348 3182 420 3240 τοὶ
456 3187 514 3241 ἐν
538 3188 611 3260 τῇ
638 3184 792 3262 νήσῳ
822 3183 977 3257 πλὴν
1003 3181 1123 3243 ἑνὸς
1151 3182 1442 3258 ἐξαυάνθη·
1485 3185 1856 3261 χρεωμένοισι
1895 3185 1958 3243 δὲ

348 3270 504 3327 τοῖσι
543 3271 844 3346 Θηραίοισι
882 3269 1164 3346 προέφερε
1202 3268 1241 3344 ἦ
1273 3271 1460 3346 Πυθίη
1493 3269 1598 3345 τήν
1632 3275 1687 3334 ἐς
1728 3269 1957 3348 Λιβύην
