2267 3517
315 148 596 213 147—151]
973 149 1241 198 eAAmA.
1813 145 1914 200 273

249 245 254 252 '
313 229 388 290 τὰ
413 227 669 306 ποτήρια,
697 226 1028 304 ἀπεθώμαζέ
1054 253 1116 288 τε
1145 228 1237 286 καὶ
1266 225 1671 302 ἐξεπλήσσετο,
1698 227 1731 286 ὁ
1757 227 1818 286 δὲ
1843 225 1911 288 ἂν

317 317 536 376 ἐκέλευε
576 315 743 376 αὐτᾶν
785 315 1178 392 ἀποφέρεσθαι
1227 312 1406 374 αὐτῶν
1447 313 1561 374 ὅσα
1613 313 1909 390 βούλοιτο·

314 408 484 465 τοῦτο
511 405 605 462 καὶ
630 403 712 466 δὶς
737 403 830 461 καὶ
854 403 974 478 τρὶς
998 403 1255 464 εἴπαντος
1280 401 1645 478 Μαιανδρίου,
1674 401 1707 461 ὅ
1734 405 1917 463 Κλεο-

314 493 486 571 μένης
501 489 846 553 ὃικαιότατος
871 489 1084 566 ἀνδρῶν
1097 491 1327 570 γίνεται,
1345 487 1408 552 ὃς
1424 490 1631 565 λαβεῖν
1646 491 1750 564 μὲν
1770 489 1914 550 διδό-

316 606 459 657 μενα
493 579 594 638 οὐκ
628 578 881 638 ἐδικαίευ·
921 576 1118 654 μαθών
1144 576 1205 635 δὲ
1236 576 1308 638 ὦς
1334 574 1572 636 ἄλλοισι
1598 576 1778 639 διδοῦς
1806 581 1919 638 τῶν

318 667 508 727 ἀστῶν
550 665 846 744 εὕρήσεται
890 665 1172 741 τιμωρίην,
1218 663 1334 739 βάς
1375 664 1468 722 ἐπὶ
1507 664 1639 726 τοῦς
1679 664 1916 740 ἐφόρους

319 753 546 831 ἄμεινον
573 755 712 814 εἶναι
738 754 848 829 ἔφη
873 755 946 830 τῇ
974 753 1210 830 Σπάρτῃ
1243 749 1345 811 τᾶν
1371 752 1549 821 ξεῖνον
1572 749 1673 811 τᾶν
1701 750 1919 828 Σάμιον

321 841 808 902 ἀπαλλάσσεσθαι
839 846 902 901 ἐκ
930 844 1032 915 τῆς
1068 838 1531 914 Πελοποννήσου,
1563 840 1651 899 ἵνα
1676 838 1757 915 μή
1785 839 1916 898 ἀνα-

320 931 494 1008 πείσῃ
538 928 576 1005 ἢ
618 928 787 989 αὖτάν
832 926 868 1004 ἢ
915 926 1096 986 ἄλλον
1136 927 1261 986 τινά
1314 927 1702 1003 Σπαρτιητέων
1749 926 1918 986 κακόν

319 1019 604 1098 γενέσθαι·
659 1019 713 1076 οἶ
758 1014 805 1076 δ’
851 1014 1271 1078 ὑπακούσαντες
1323 1012 1652 1091 ἐξεκήρυξαν
1702 1013 1918 1074 Μαιάν-

321 1107 496 1182 δριον.
575 1103 693 1180 Τήν
735 1105 797 1163 δὲ
840 1102 1034 1180 Σάμον
1073 1101 1519 1182 σαγηνεύσαντες
1561 1104 1614 1160 οἶ
1656 1102 1879 1178 Πέρσαι
1898 1103 2011 1161 149

320 1193 642 1269 παρέδοσαν
670 1193 1012 1262 Συλοσῶντι,
1042 1195 1251 1268 ἐρῆμον
1278 1193 1485 1248 ἐοῦσαν
1518 1187 1749 1266 ἀνδρῶν.
1815 1187 1917 1248 ὗσ-

320 1281 464 1358 τέρῳ
496 1280 688 1356 μέντοι
727 1278 910 1357 χρόνῳ
936 1279 1030 1337 καὶ
1061 1277 1461 1359 συγκατοίκισε
1488 1275 1662 1351 αὐτὴν
1686 1277 1719 1336 ὁ
1746 1302 1915 1354 στρα-

320 1367 494 1448 τηγὸς
519 1364 773 1441 Ὀτάνης,
803 1367 862 1424 ἔκ
886 1389 948 1424 τε
975 1364 1138 1443 ὄψιος
1162 1363 1379 1442 ὀνείρου
1408 1362 1499 1424 καὶ
1526 1364 1731 1424 νούσου
1756 1363 1795 1440 ἥ
1817 1389 1917 1441 μιν

323 1455 606 1529 κατέλαβε
631 1457 878 1528 νοσῆσαι
897 1453 970 1512 vei
996 1454 1199 1513 αἰδοῖα.

400 1542 532 1602 Ἐπὶ
559 1541 618 1601 δὲ
644 1540 837 1616 Σάμον
861 1539 1281 1618 στρατεύματος
1307 1546 1564 1602 ναυτικοῦ
1586 1542 1879 1621 οἰχομένου
1896 1541 2015 1602 150

319 1629 680 1706 Βαβυλώνιοι
715 1626 1062 1704 ἀπέστησαν,
1092 1628 1269 1705 κάρτα
1297 1627 1355 1688 εὖ
1382 1629 1918 1707 παρεσκευασμένοι.

319 1722 378 1779 ἐν
411 1717 530 1798 ὅσῳ
563 1717 674 1800 γάρ
700 1715 734 1777 ὅ
758 1741 822 1776 τε
847 1714 1052 1798 Μάγος
1081 1714 1225 1794 ἦρχε
1250 1715 1342 1774 καὶ
1369 1719 1423 1776 οἶ
1450 1717 1588 1777 ἓπτά
1616 1718 1916 1794 ἐπανέστη·

317 1831 448 1876 σαν,
475 1811 534 1867 ἐν
554 1805 732 1884 τούτῳ
758 1805 926 1865 παντὶ
947 1806 1028 1882 τῷ
1051 1802 1237 1881 χρόνῳ
1266 1803 1361 1862 καὶ
1384 1807 1459 1881 τῇ
1482 1808 1705 1883 ταραχῇ
1732 1810 1788 1869 ἐς
1812 1803 1919 1881 τήν

315 1893 650 1971 πολιορκίην
673 1890 1148 1968 παρεσκευάδατο·
1192 1890 1289 1949 καί
1312 1914 1416 1952 κως
1439 1895 1615 1950 ταῦτα
1639 1895 1919 1956 ποιεῦντες

319 1981 644 2040 ἐλάνθανον.
714 1980 838 2038 ἐπεί
863 2003 927 2037 τε
957 1978 1018 2037 δὲ
1050 1983 1112 2037 ἐκ
1137 1981 1237 2037 τοῦ
1265 1977 1542 2053 ἐμφανέος
1568 1977 1916 2054 ἀπέστησαν,

321 2067 594 2141 ἐποίησαν
629 2064 864 2125 τοιόνδε·
914 2065 1016 2129 τάς
1057 2066 1303 2143 μητέρας
1349 2062 1645 2134 ἐξελόντες,
1684 2069 1919 2145 γυναῖκα

321 2155 558 2216 ἕκαστος
596 2153 732 2230 μίαν
773 2153 1205 2230 προσεξαιρέετο
1241 2152 1347 2229 τήν
1386 2151 1657 2227 ἐβούλετο
1701 2157 1764 2212 ἐκ
1807 2158 1919 2213 τῶν

319 2245 522 2301 ἑωυτοῦ
558 2241 760 2300 οἰκίων·
799 2239 902 2304 τοῖς
927 2239 988 2299 δὲ
1012 2239 1218 2303 λοιπάς
1244 2238 1473 2303 ἀπάσας
1508 2240 1919 2322 συναγαγόντες

318 2328 646 2398 ἀπέπνιξαν·
698 2326 805 2404 τὴν
851 2327 911 2386 δὲ
955 2327 1094 2403 μίαν
1137 2330 1375 2390 ἕκαστος
1418 2329 1714 2388 σιτοποιόν
1768 2329 1909 2398 ἐξαι-

319 2417 493 2492 ρέετο·
536 2414 844 2485 ἀπέπνιξαν
875 2414 936 2474 δὲ
976 2414 1147 2478 αὐτοῖς
1179 2414 1271 2475 ἶνα
1300 2414 1383 2491 μή
1410 2421 1604 2490 σφεων
1627 2415 1727 2477 τόν
1754 2420 1917 2478 σῖτον
1978 2458 1985 2468 -

318 2502 766 2579 ἀναισιμώσωσι.
821 2501 1149 2579 Πυθόμενος
1175 2501 1235 2560 δὲ
1258 2505 1433 2562 ταῦτα
1460 2502 1493 2561 ὄ
1515 2506 1767 2579 Δαρεῖος,
1784 2505 1876 2563 καὶ
1894 2505 2003 2563 151

309 2591 602 2661 συλλέξας
640 2590 870 2650 ἅπασαν
899 2589 1004 2664 τὴν
1038 2593 1240 2649 ἑωυτοῦ
1276 2588 1523 2666 δύναμιν,
1552 2591 1913 2668 ἐστρατεύετο

319 2677 405 2737 ἐπ’
433 2678 647 2742 αὐτούς·
682 2677 965 2741 ἐπελάσας
989 2677 1050 2736 δὲ
1077 2679 1170 2737 ἐπὶ
1194 2676 1299 2752 τὴν
1314 2678 1636 2754 Βαβυλῶνα
1660 2679 1914 2756 ἐπολιόρ-

318 2792 408 2825 κεε
435 2766 830 2842 φροντίζοντας
855 2764 1010 2826 οὐδὲν
1021 2769 1123 2841 τῆς
1150 2765 1493 2841 πολιορκίης·
1521 2765 1917 2842 ἀναβαίνοντες

315 2854 427 2935 γὰρ
463 2854 556 2914 ἐπὶ
588 2853 721 2917 τοῦς
755 2857 1157 2932 προμαχεῶνας
1189 2857 1291 2912 τοῦ
1325 2853 1538 2930 τείχεος
1563 2855 1617 2911 οἶ
1642 2852 1917 2930 Βαβυλώ-

315 2967 425 3001 νιοι
455 2942 850 3020 κατωρχέοντο,
877 2941 972 3000 καὶ
1011 2941 1405 3000 κατέσκωπτον
1429 2942 1669 3015 Δαρεῖον
1695 2941 1790 3000 καὶ
1812 2940 1917 3015 τήν

317 3029 590 3108 στρατιὴν
619 3027 810 3089 αὐτοῦ·
852 3029 948 3088 καί
979 3053 1064 3091 τις
1098 3027 1281 3088 αὐτῶν
1318 3025 1439 3084 εἶπε
1472 3031 1641 3085 τοῦτο
1666 3026 1735 3086 τὰ
1764 3027 1911 3088 ἔπος·

316 3126 353 3151 “
367 3119 428 3176 τί
451 3117 698 3194 κάτησθε
725 3116 978 3185 ἐνθαῦτα,
1007 3114 1051 3174 ὦ
1076 3116 1319 3191 Πέρσαι,
1334 3111 1466 3171 ἀλλ’
1488 3112 1587 3172 οὐκ
1614 3113 1915 3173 ἀπαλλάσ-

315 3206 527 3274 σεσθε;
568 3204 698 3266 τότε
728 3202 840 3284 γάρ
873 3203 1134 3279 αἱρήσετε
1169 3201 1346 3277 ἡμέας
1386 3198 1553 3258 ἐπεοὶν
1578 3199 1803 3276 ἡμίονοι
1826 3201 1910 3258 τέ·

475 3291 506 3312 22

316 3296 712 3409 κωσιῄητοῦτο
739 3290 858 3350 εἷπε
882 3294 991 3349 τῶν
1017 3313 1100 3352 τις
1126 3286 1502 3362 Βαβυλωνίων
1518 3284 1732 3361 οὐδαμοὶ
1760 3287 1911 3346 ἐλπί-
