2267 3517
364 99 587 168 'za-76]
943 99 1396 152 mmmmm.
1874 103 1971 152 309

362 181 595 258 σκάφην
614 181 867 258 κειμένην
888 186 947 240 ἐν
964 182 1123 260 μέσῳ
1136 184 1248 240 τῶν
1266 179 1446 250 ξύλων
1458 205 1522 241 τε
1539 179 1756 242 καὶτῶν
1769 181 1971 242 πίλων·
1995 205 2000 208 ·

356 268 526 330 Ἐστι
565 269 641 334 δέ,
664 276 778 344 σφι
818 267 1088 343 κάνναβις
1130 268 1382 344 φυομένη
1424 273 1482 328 ἐν
1516 271 1589 347 τῇ
1625 267 1782 348 χώρῃ
1817 269 1974 346 πλήν
1991 271 2069 333 74

362 354 685 436 παχύτητος
707 355 799 415 καὶ
817 354 1093 436 μεγάθεος
1112 359 1190 433 τῷ
1210 356 1346 434 λίνῳ
1364 355 1773 432 ἐμφερεστάτη·
1799 357 1974 438 ταύτῃ

364 443 427 504 δὲ
448 446 650 523 πολλῷ
674 441 977 520 ὑπερφέρει
1000 441 1041 518 ἦ
1068 441 1356 518 κάνναβις·
1385 441 1529 518 αὕτη
1555 443 1648 502 καὶ
1685 441 1972 523 αὐτομάτη

364 531 459 591 καὶ
498 531 873 642 σπειρομένη
884 530 1105 606 φύεται·
1148 530 1242 588 καὶ
1283 529 1346 598 ἐξ
1383 528 1555 605 αὐτῆς
1597 529 1830 606 Θρήϊκες
1870 558 1976 609 μεν

365 618 458 678 καὶ
484 619 685 696 εἵματα
714 621 1000 678 ποιεῦνται
1023 620 1180 696 τοῖσι
1214 617 1455 677 λινεοισι
1488 615 1971 694 effectivam-0138

365 703 435 766 ἂν
470 705 629 770 ὅστις
650 732 732 782 μη
768 705 945 782 κάρτα
969 691 1182 782 τρίβων
1209 705 1294 780 εἴη
1319 703 1489 780 αύτῆς
1517 705 1786 788 διαγνοίη,
1813 707 1974 768 λίνου

363 792 404 870 ἢ
442 793 745 870 καννάβιός
785 797 929 853 ἐστι·
971 791 1033 856 ὃς
1068 793 1129 852 δε
1160 818 1242 869 μη
1277 791 1386 852 εἶδέ
1411 817 1488 852 κω
1513 793 1618 868 τήν
1646 794 1972 870 κανναβίδα,
2050 822 2054 826 ·

365 881 552 942 λίνεον
569 880 799 957 δοκήσει
821 880 959 942 εἶναι
973 880 1041 940 τὸ
1062 881 1210 957 εἷμα·
1237 879 1454 956 Ταύτης
1475 879 1548 940 ὧν
1571 884 1625 940 οἶ
1645 880 1857 945 Σκύθαι
1874 887 1974 958 τῆς
1992 883 2026 945 7
2031 886 2067 944 5

368 969 671 1046 ’καννάβιος
693 969 761 1029 τὰ
788 971 1020 1046 σπέρμα
1044 968 1214 1028 ἐπεὰν
1238 968 1487 1045 λάβωσι,
1504 966 1842 1030 ὑποδύνουσι
1861 970 1972 1031 ύπὸ

366 1056 499 1120 τοῦς
522 1058 743 1126 πίλους,
772 1056 865 1117 καὶ
891 1058 1082 1116 ἔπειτα
1118 1056 1506 1132 ἐπιβάλλουσι
1531 1055 1599 1116 τό
1625 1058 1854 1134 σπέρμα
1881 1059 1973 1120 ἐπὶ

365 1143 496 1207 τούς
522 1143 823 1221 διαφανέας
848 1145 1043 1207 λίθους
1065 1146 1145 1222 τῷ
1169 1143 1321 1220 πυρί·
1360 1143 1428 1204 v&
1460 1143 1520 1202 δὲ
1557 1143 1822 1221 θυμιῆται
1859 1151 1973 1207 ἐπι-

366 1231 744 1307 βαλλόμενον,
786 1232 879 1292 καὶ
908 1231 1114 1309 ἀτμίδα
1147 1232 1452 1310 παρέχεται
1486 1231 1784 1308 τοσαύτην,
1823 1232 1970 1294 ὥστε

366 1317 673 1394 Ἑλληνική
702 1317 929 1397 οὐδεμία
954 1317 1023 1379 ἄν
1046 1344 1146 1396 μιν
1170 1320 1342 1396 πυρίη
1369 1317 1800 1398 ἀποκρατήσειε·
1829 1323 1883 1381 οἱ
1910 1321 1970 1382 δὲ
2037 1377 2044 1386 .

368 1407 580 1470 Σκύθαι
626 1405 894 1487 ἀγάμενοι
938 1409 1013 1484 τῇ
1054 1406 1226 1484 πυρίῃ
1276 1405 1563 1484 ὠρύονται.
1643 1407 1812 1468 τοῦτό
1860 1415 1974 1486 σφι

366 1492 490 1554 ἀντὶ
515 1497 757 1572 λουτροῦ
786 1493 928 1554 ἐστί·
958 1493 1023 1554 οὔ
1047 1494 1160 1575 γὰρ
1187 1493 1256 1570 δή
1282 1497 1514 1555 λοῦνται
1531 1495 1690 1556 ὕδατι
1707 1495 1775 1556 τό
1795 1495 1972 1574 παρά-

364 1607 479 1642 παν
493 1581 559 1642 τὸ
577 1586 762 1660 σῶμα·
784 1585 845 1642 αἱ
860 1581 920 1642 δὲ
934 1585 1189 1662 γυναῖκες
1205 1580 1550 1660 αὖτῶν,ῧδωρ
1565 1584 1970 1663 παραχέουσαι,

368 1670 769 1750 κατασώχουσι
790 1670 921 1747 περὶ
946 1671 1112 1731 λίθον
1137 1669 1350 1749 τρηχῦν
1373 1674 1475 1745 τῆς
1496 1672 1865 1750 κυπαρίσσου,
1883 1673 1977 1732 καὶ

365 1759 576 1835 κέδρου,
612 1759 705 1818 καὶ
748 1757 995 1835 λιβάνου
1036 1755 1229 1827 ξύλου·
1273 1756 1367 1817 καὶ
1400 1759 1588 1820 ἔπειτα
1623 1759 1691 1819 τὰ
1727 1785 1974 1820 κατασω-

362 1845 604 1924 χύμενον
641 1849 825 1920 τοῦτο,
856 1843 1012 1924 παχῦ
1053 1844 1164 1916 ἐὸν,
1206 1845 1710 1908 καταπλάσσονται
1747 1851 1860 1908 πᾶν
1898 1847 1966 1908 τό

366 1936 535 2008 σῶμα
568 1934 661 1992 καὶ
693 1932 760 1993 τὸ
796 1931 1119 2009 πρόσωπον·
1163 1933 1256 1992 καὶ
1287 1933 1404 2011 ἅμα
1428 1936 1534 2009 μὲν
1561 1932 1754 2010 εὖωδίη
1781 1935 1967 2011 σφέας

367 2018 481 2106 ἀπο
522 2020 722 2079 τούτου
761 2020 929 2098 ἴσχει,
974 2018 1092 2096 ἅμα
1134 2020 1196 2080 δὲ
1229 2019 1596 2097 ἀπαιρεουσαι
1631 2025 1702 2100 τῇ
1741 2022 1964 2101 δευτέρῃ

365 2101 548 2186 ἡμέρῃ
577 2108 682 2184 τήν
714 2107 1119 2168 καταπλαστυν
1153 2109 1403 2190 γίνονται
1437 2109 1678 2188 καθαραὶ
1709 2110 1802 2169 καὶ
1827 2113 1973 2187 λαμ-

366 2195 522 2271 πραί.

445 2283 751 2346 Ξεινικοῖσι
784 2281 844 2343 δὲ
878 2283 1166 2360 νομαίοισι
1197 2283 1292 2343 καὶ
1328 2281 1482 2344 ουτοι
1517 2285 1680 2348 αἰνῶς
1713 2285 1966 2363 χρασθαι
1983 2285 2061 2347 76

365 2369 657 2452 φεύγουσι,
683 2368 821 2447 μήτι
843 2396 913 2451 γε
939 2397 1013 2430 ων
1038 2369 1324 2446 ἀλλήλων,
1355 2355 1748 2446 Ελληνικοισι
1782 2372 1842 2432 δὲ
1860 2374 1967 2485 ,καὶ

361 2456 584 2533 ἥκιστα,
612 2457 684 2522 ὥς
709 2458 953 2527 διεδεξαν
977 2457 1326 2537 Ἀνάχαρσίς
1349 2483 1413 2518 τε
1438 2459 1532 2518 καὶ
1564 2458 1790 2537 δεύτερα
1820 2487 1974 2526 αυτις

366 2545 603 2621 Σκύλης.
683 2549 851 2606 τοῦτο
896 2547 1001 2623 μὲν
1039 2545 1153 2627 γδρ
1197 2546 1554 2626 Ἀνάχαρσις,
1601 2549 1726 2607 ἐπεί
1761 2573 1824 2608 τε
1864 2553 1972 2629 γῆν

362 2632 588 2709 πολλὴν
604 2633 892 2710 θεωρήσας
909 2633 999 2692 καὶ
1017 2632 1425 2710 ἀποδεξάμενος
1440 2632 1558 2694 κατ’
1568 2633 1740 2712 αὐτὴν
1755 2637 1971 2714 σοφίην

362 2719 589 2796 πολλὴν
633 2721 917 2797 ἐκομίζετο
958 2725 1013 2785 ἐς
1050 2719 1194 2796 ἤθεα
1231 2720 1302 2780 vd
1353 2722 1622 2795 Σκυθέων,
1665 2724 1854 2784 πλέων
1900 2724 1967 2785 δι’

360 2806 793 2884 Ἑλλησπόντου
826 2809 1136 2887 προσίσχει
1172 2813 1228 2872 ἐς
1260 2808 1517 2884 Κύζικον,
1549 2811 1657 2882 καὶ,
1697 2810 1821 2888 εὗρε
1855 2812 1967 2891 γοῖρ

361 2897 435 2974 τῇ
454 2895 645 2972 Μητρὶ
661 2900 772 2956 τῶν
792 2895 987 2956 θεῶν’
951 2896 1258 2976 ανάγοντας
1276 2923 1408 2961 τους
1429 2898 1827 2974 Κυζικηνουςε
1794 2899 1966 2975 ορτήν

364 2982 541 3061 κάρτα
562 2984 1048 3064 μεγαλοπρεπέως,
1078 2983 1274 3054 εὔξατο
1304 2989 1377 3064 τῇ
1409 2985 1601 3063 Μητρὶ
1632 2985 1665 3044 ὁ
1695 2984 1968 3065 Ἀνάχαρ-

364 3095 472 3140 σις,
496 3070 566 3146 ἣν
592 3076 706 3133 σῶς
732 3072 824 3130 καὶ
849 3071 1009 3151 ύγιης
1034 3070 1406 3151 ἀπονοστήσῃ
1435 3079 1491 3136 ἐς
1524 3077 1741 3148 ἑωυτοῦ,
1773 3072 1966 3134 θύσειν

362 3183 425 3218 τε
451 3159 591 3218 κατοὶ
621 3159 797 3218 ταῦτοὶ
824 3158 963 3218 κατ-οὶ
991 3160 1062 3218 τοὶ
1099 3159 1205 3236 ὅρα
1230 3161 1359 3225 τούς
1386 3161 1725 3234 Κυζικηνους
1751 3166 1964 3223 ποιεῦν-

360 3270 461 3309 τας
502 3247 593 3305 καὶ
629 3247 939 3324 παννυχίδα
980 3245 1236 3321 στήσειν·
1289 3247 1363 3309 ὥς
1397 3247 1458 3306 δὲ
1491 3245 1724 3316 ἀπίκετο
1764 3253 1821 3311 ἐς
1859 3249 1964 3325 τήν
