2267 3517
375 86 660 152 173—179]
968 85 1423 134 MnfflOMENn.
1882 85 1976 134 351

372 169 529 228 ἔνθεν
555 167 825 244 κείροντες
846 169 905 226 ἐν
928 166 1079 245 χροΐ·
1114 161 1178 228 ’ἐς
1205 165 1265 224 δὲ
1288 162 1389 224 τὸν
1413 163 1666 240 πόλεμον
1693 166 1974 241 στρουθῶν

372 247 685 336 καταγαίων
704 253 868 330 δοροὶς
888 254 1165 329 φορέουσι
1180 250 1586 330 προβλήματα..
1620 251 1710 310 διοὶ
1728 252 1786 310 δὲ
1801 251 1982 314 αὐτῶν

372 344 563 422 Κίνυψ
588 341 841 420 ποταμός
866 342 1005 418 ῥέων
1034 346 1093 401 ἐκ
1120 340 1310 416 λόφου
1338 341 1680 417 καλευμένου
1705 341 1978 418 Χαρίτων,

371 436 427 495 ἐς
466 432 774 491 θάλασσαν
814 429 1035 490 ἐκδιδοῖ·
1076 427 1109 488 ὁ
1143 429 1204 488 δὲ
1234 428 1420 505 λόφος
1455 426 1616 492 οὗτος
1653 427 1686 488 ὅ
1723 430 1981 505 Χαρίτων

370 518 546 583 δασύς
583 518 739 597 ἴδῃσί
780 521 921 587 ἐστι,
960 515 1163 592 εὀίσης
1201 520 1302 592 τῆς
1341 515 1525 592 ἅλλης
1562 520 1663 592 τῆς
1702 542 1980 592 προκατα-

370 607 673 685 λεχθείσης
692 603 913 680 Λιβύης
933 608 1126 682 ψιλῆς·
1169 601 1283 664 «ivd
1314 603 1615 680 θαλάσσης
1641 604 1702 664 δὲ
1730 610 1784 668 ἑς
1811 604 1980 666 αὐτὸν

370 694 591 754 στάδιοι
617 692 899 768 διηκόσιοί
912 695 1045 752 εἰσι.
1111 691 1353 754 Μακέων
1374 691 1434 750 δὲ
1452 691 1660 752 τούτων
1681 692 1936 771 ἐχόμενοι
1957 692 2073 755 176

369 782 627 844 Γίνδανές
656 783 785 840 εἰσι·
824 785 937 841 τῶν
956 784 1015 840 αἶ
1038 783 1294 862 γυναῖκες
1319 779 1668 857 περισφύρια
1693 781 1978 858 δερμάτων

369 869 562 928 πολλὰ
601 868 811 945 ἑκάστη
848 869 1060 946 φορέει·
1103 867 1246 927 κατὰ
1281 867 1496 928 τοιόνδε
1529 892 1601 936 τι,
1633 865 1704 930 ὥς
1731 869 1976 948 λέγεται·

371 955 489 1017 κατ’
510 955 685 1034 ἄνδρα
708 957 945 1016 ἕκαστον
963 956 1237 1034 μιχθέντα
1255 954 1630 1033 περισφύριον
1650 955 1977 1031 περιδέεται·

368 1043 409 1120 ἢ
434 1043 481 1104 δ’
506 1043 575 1104 ἂν
600 1047 849 1103 πλεῖστα
882 1044 999 1122 ἔχῃ,
1028 1041 1169 1118 αὕτη
1199 1042 1407 1119 ἀρίστη
1442 1043 1694 1102 δέδοκται
1731 1041 1870 1102 εἶναι
1907 1043 1977 1107 ὥς

369 1129 480 1190 ὖπὸ
506 1132 790 1191 πλείστων
822 1129 1034 1207 οἷνδρῶν
1070 1131 1405 1205 φιληθεῖσα.
1479 1129 1688 1206 Ἀκτὴν
1715 1129 1774 1188 δὲ
1797 1156 1930 1207 προ·
1956 1131 2070 1190 177

372 1220 615 1297 έχουσαν
636 1223 691 1282 ἐς
708 1217 808 1278 τόν
827 1217 1035 1278 πόντον
1052 1217 1264 1279 τούτων
1279 1223 1391 1279 τῶν
1415 1218 1692 1279 Γινδάνων
1717 1220 1975 1295 νέμονται

368 1306 733 1387 Λωτοφάγοι·
774 1305 827 1366 οἳ
852 1304 954 1366 τὸν
986 1304 1200 1382 καρπὸν
1233 1310 1442 1383 μοῦνον
1477 1310 1584 1367 τοῦ
1618 1309 1802 1366 λωτοῦ
1837 1306 1974 1384 τρώ-

368 1419 561 1474 γοντες
586 1393 810 1466 ζώουσι·
852 1393 885 1455 ὅ
914 1393 974 1452 δὲ
996 1397 1097 1454 τοῦ
1124 1397 1310 1454 λωτοῦ
1337 1394 1550 1474 καρπός
1577 1398 1702 1456 ε’στι
1727 1395 1973 1476 μέγαθος

368 1481 510 1542 ὅσον
543 1508 608 1543 τε
639 1485 742 1558 τῆς
769 1483 990 1562 σχίνου·
1029 1481 1351 1562 γλυκύτητα
1377 1483 1454 1555 δὲ,
1481 1487 1583 1545 τοῦ
1610 1483 1862 1559 φοίνικος
1896 1488 1974 1562 τῷ

370 1573 561 1650 καρπῷ
602 1570 991 1648 προσείκελος·
1052 1574 1340 1631 ποιεῦνται
1361 1581 1366 1588 ’
1387 1572 1447 1633 δὲ
1493 1577 1556 1632 ἐκ
1601 1574 1703 1632 τοῦ
1757 1576 1992 1649 καρποῦ

366 1657 567 1718 τούτου
596 1661 651 1719 οἶ
674 1657 1019 1740 Λωτοφάγοι
1046 1658 1138 1717 καὶ
1165 1658 1334 1718 οἶνον.

447 1745 811 1826 Λωτοφάγων
838 1747 897 1806 δὲ
920 1745 987 1805 τό
1013 1745 1167 1821 παρὰ
1195 1745 1500 1806 θάλασσαν
1521 1746 1741 1824 ἔχονται
1761 1743 1928 1824 Μάχ-
1952 1749 2069 1809 178

367 1834 514 1902 λυες,
540 1837 619 1911 τῷ
641 1835 803 1909 λωτῷ
827 1833 931 1908 μὲν
958 1831 1050 1890 καὶ
1076 1829 1233 1890 οὗτοι
1266 1831 1586 1910 χρεώμενοι,
1615 1831 1756 1906 οἷτοὶρ
1781 1830 1972 1906 ἧσσόν

368 1943 436 1997 γε
458 1923 569 1979 τῷν
603 1916 877 1994 πρότερον
910 1916 1244 1994 λεχθέντων.
1329 1916 1638 1993 κατήκουσι
1663 1919 1723 1976 δὲ
1752 1918 1845 1976 ε’πὶ
1870 1943 1972 1976 πο-

367 2003 549 2079 ταμὸν
592 2005 789 2084 μέγαν,
828 2006 907 2082 τῷ
954 2002 1168 2079 οὔνομα
1209 2004 1420 2079 Τρίτων
1461 2003 1604 2063 ε’στί·
1663 2003 1870 2064 ἐκδιδοῖ
1913 2005 1972 2064 δὲ

370 2088 534 2154 οὗτος
576 2097 632 2155 ἐς
677 2091 885 2168 λίμνην
927 2089 1186 2171 μεγάλην
1239 2091 1558 2168 Τριτωνίδα·
1619 2096 1678 2150 ἐν
1723 2091 1783 2150 δὲ
1831 2090 1972 2170 αὐτῇ

369 2181 543 2254 νῆσος
568 2180 664 2250 ἔνι,
690 2182 762 2258 τῇ
790 2177 1001 2255 οὕνομα
1026 2178 1176 2238 Φλά·
1211 2177 1420 2254 ταύτην
1445 2178 1505 2238 δὲ
1529 2177 1634 2254 τήν
1660 2183 1836 2256 νῆσον
1855 2185 1968 2239 Λα-

370 2266 777 2344 κεδαιμονίοισί
796 2273 945 2343 φασι
970 2266 1168 2348 λόγιον
1195 2266 1332 2327 εἶναι
1361 2267 1568 2326 κτίσαι.

441 2352 611 2414 Ἔστι
638 2355 697 2414 δὲ
724 2354 816 2413 καὶ
842 2353 936 2414 ὅδε
962 2353 1137 2436 λόγος
1162 2352 1485 2435 λεγόμενος·
1525 2353 1772 2430 Ἰήσονα,
1800 2355 1925 2414 ἐπεί
1949 2357 2064 2416 179

368 2467 431 2500 τε
456 2445 511 2501 οἳ
538 2441 851 2524 ἐξεργάσθη
886 2441 997 2502 ὖπό
1032 2446 1109 2520 τῷ
1145 2443 1348 2521 Πηλίῳ
1373 2440 1412 2517 ἦ
1436 2439 1640 2523 Ἀργει),
1669 2443 1972 2519 ἐσθέμενον

370 2533 425 2592 ἐς
464 2529 637 2606 αὐτήν
674 2528 861 2606 ἄλλην
898 2555 961 2591 τε
1000 2529 1324 2608 ἑκατόμβην
1364 2530 1458 2589 καὶ
1498 2529 1566 2606 δὴ
1607 2531 1700 2590 καὶ
1735 2530 1974 2608 τρίποδα

366 2615 630 2694 χάλκεον,
666 2616 1001 2694 περιπλώειν
1036 2617 1482 2694 Πελοπόννησον
1519 2618 1876 2696 βουλόμενον
1915 2622 1972 2682 ἐς

370 2703 638 2780 Δελφοῦς
672 2703 993 2765 ἀπικέσθαι·
1036 2705 1134 2764 καί
1163 2731 1276 2782 μιν,
1321 2704 1391 2769 ὥς
1428 2707 1676 2766 πλέοντα
1707 2706 1972 2787 γενέσθαι

369 2793 511 2852 κατὰ
550 2792 808 2868 Μαλέην,
848 2791 1167 2870 ὑπολαβεῖν
1213 2792 1418 2872 ἄνεμον
1462 2796 1650 2872 βορῆν
1697 2795 1790 2852 καὶ
1833 2793 1972 2853 ἀπο·-

370 2881 562 2956 φέρειν
586 2879 727 2958 πρὸς
750 2879 856 2956 τήν
882 2879 1125 2957 Λιβύην·
1166 2882 1300 2960 πρὶν
1326 2882 1386 2942 δὲ
1411 2882 1738 2942 κατιδέσθαι
1761 2885 1885 2961 γῆν,
1914 2883 1974 2940 ἔν

367 2971 523 3027 τοῖσι
547 2968 799 3048 βράχεσι
832 2968 1101 3050 γενέσθαι
1134 2971 1339 3047 λίμνης
1363 2974 1464 3046 τῆς
1489 2969 1835 3046 Τριτωνίδος·
1877 2968 1978 3028 καί

368 3057 425 3116 οἱ
454 3054 751 3136 οἷπορέοντι
778 3058 885 3134 τὴν
917 3057 1205 3140 ἐξαγωγὴν
1235 3057 1409 3140 λόγος
1425 3057 1550 3117 ἐστὶ
1576 3060 1820 3133 φανῆναι
1845 3055 1970 3133 Τρί-

368 3169 532 3217 τωνα,
578 3145 671 3205 καὶ
716 3145 961 3207 κελεύειν
999 3145 1099 3208 τᾶν
1142 3144 1374 3223 Ἰήσονα
1420 3147 1597 3224 ἑωυτῷ
1639 3144 1828 3204 δοῦναι
1871 3142 1974 3206 τόν

368 3233 628 3311 τρίποδα·
686 3231 940 3314 φάμενόν
978 3239 1093 3312 σφι
1133 3235 1227 3294 καὶ
1278 3234 1380 3294 τὸν
1417 3231 1596 3311 πόρον
1642 3231 1834 3303 δέξειν,
1880 3233 1972 3292 καὶ
