<?xml version="1.0" encoding="UTF-8"?>
<!DOCTYPE html PUBLIC "-//W3C//DTD XHTML 1.0 Transitional//EN"
    "http://www.w3.org/TR/xhtml1/DTD/xhtml1-transitional.dtd">
<html xmlns="http://www.w3.org/1999/xhtml" xml:lang="en" lang="en">
 <head>
  <title>
</title>
<meta http-equiv="Content-Type" content="text/html;charset=utf-8" />
  <meta name='ocr-system' content='tesseract 3.04.00' />
  <meta name='ocr-capabilities' content='ocr_page ocr_carea ocr_par ocr_line ocrx_word'/>
</head>
<body>
  <div class='ocr_page' id='page_1' title='image "./herodotus05blakgoog_0090.png"; bbox 0 0 2267 3517; ppageno 0'>
   <div class='ocr_carea' id='block_1_1' title="bbox 167 132 1902 3278">
    <p class='ocr_par' dir='ltr' id='par_1_1' title="bbox 201 132 1893 1172">
     <span class='ocr_line' id='line_1_1' title="bbox 293 132 1889 197; baseline -0.001 -12"><span class='ocrx_word' id='word_1_1' title='bbox 293 140 359 187; x_wconf 87' lang='grc'>80</span> <span class='ocrx_word' id='word_1_2' title='bbox 897 136 1264 186; x_wconf 73' lang='grc' dir='ltr'>ἨΡΟΔΟΤΟΤ</span> <span class='ocrx_word' id='word_1_3' title='bbox 1816 132 1889 197; x_wconf 82' lang='lat' dir='ltr'>[I.</span> 
     </span>
     <span class='ocr_line' id='line_1_2' title="bbox 288 214 1890 296; baseline 0.002 -20"><span class='ocrx_word' id='word_1_4' title='bbox 288 218 581 294; x_wconf 81' lang='grc' dir='ltr'>Τάβαλον·</span> <span class='ocrx_word' id='word_1_5' title='bbox 624 219 715 276; x_wconf 89' lang='grc' dir='ltr'>καὶ</span> <span class='ocrx_word' id='word_1_6' title='bbox 738 222 906 277; x_wconf 86' lang='grc' dir='ltr'>τοῦτο</span> <span class='ocrx_word' id='word_1_7' title='bbox 929 220 1034 294; x_wconf 82' lang='grc' dir='ltr'>μὲν</span> <span class='ocrx_word' id='word_1_8' title='bbox 1057 216 1339 296; x_wconf 82' lang='grc' dir='ltr'>Πριηνέας</span> <span class='ocrx_word' id='word_1_9' title='bbox 1366 214 1890 292; x_wconf 74' lang='grc' dir='ltr'>ἐξηνδραποδίσατο,</span> 
     </span>
     <span class='ocr_line' id='line_1_3' title="bbox 295 302 1893 382; baseline 0.001 -17"><span class='ocrx_word' id='word_1_10' title='bbox 295 308 464 365; x_wconf 85' lang='grc' dir='ltr'>τοῦτο</span> <span class='ocrx_word' id='word_1_11' title='bbox 490 304 550 363; x_wconf 78' lang='grc' dir='ltr'>δὲ</span> <span class='ocrx_word' id='word_1_12' title='bbox 575 304 900 382; x_wconf 88' lang='grc' dir='ltr'>Μαιάνδρου</span> <span class='ocrx_word' id='word_1_13' title='bbox 924 304 1116 365; x_wconf 81' lang='grc' dir='ltr'>πεδίον</span> <span class='ocrx_word' id='word_1_14' title='bbox 1140 308 1254 364; x_wconf 86' lang='grc' dir='ltr'>πᾶν</span> <span class='ocrx_word' id='word_1_15' title='bbox 1281 302 1554 381; x_wconf 86' lang='grc' dir='ltr'>ἐπέδραμε</span> <span class='ocrx_word' id='word_1_16' title='bbox 1578 303 1747 379; x_wconf 79' lang='grc' dir='ltr'>ληΐην</span> <span class='ocrx_word' id='word_1_17' title='bbox 1769 331 1893 367; x_wconf 84' lang='grc' dir='ltr'>ποι-</span> 
     </span>
     <span class='ocr_line' id='line_1_4' title="bbox 294 388 1891 473; baseline 0 -20"><span class='ocrx_word' id='word_1_18' title='bbox 294 392 517 469; x_wconf 83' lang='grc' dir='ltr'>ει’μενος</span> <span class='ocrx_word' id='word_1_19' title='bbox 555 396 632 471; x_wconf 77' lang='grc' dir='ltr'>τῷ</span> <span class='ocrx_word' id='word_1_20' title='bbox 674 397 911 472; x_wconf 76' lang='grc' dir='ltr'>στρατῷ,</span> <span class='ocrx_word' id='word_1_21' title='bbox 946 392 1287 473; x_wconf 86' lang='grc' dir='ltr'>Μαγνησίην</span> <span class='ocrx_word' id='word_1_22' title='bbox 1316 390 1379 449; x_wconf 82' lang='grc' dir='ltr'>δὲ</span> <span class='ocrx_word' id='word_1_23' title='bbox 1418 388 1695 453; x_wconf 78' lang='grc' dir='ltr'>ὦσαύτως·</span> <span class='ocrx_word' id='word_1_24' title='bbox 1746 393 1891 468; x_wconf 69' lang='grc' dir='ltr'>μετὰ</span> 
     </span>
     <span class='ocr_line' id='line_1_5' title="bbox 201 476 1893 559; baseline -0.002 -18"><span class='ocrx_word' id='word_1_25' title='bbox 201 482 313 541; x_wconf 82' lang='grc'>162</span> <span class='ocrx_word' id='word_1_26' title='bbox 332 480 392 539; x_wconf 79' lang='grc' dir='ltr'>δὲ</span> <span class='ocrx_word' id='word_1_27' title='bbox 428 484 606 540; x_wconf 87' lang='grc' dir='ltr'>ταῦτα</span> <span class='ocrx_word' id='word_1_28' title='bbox 641 477 837 539; x_wconf 72' lang='grc' dir='ltr'>αὐτίκα</span> <span class='ocrx_word' id='word_1_29' title='bbox 862 479 1044 559; x_wconf 79' lang='grc' dir='ltr'>νούσῳ</span> <span class='ocrx_word' id='word_1_30' title='bbox 1067 483 1321 559; x_wconf 74' lang='grc' dir='ltr'>τελευτᾷ.</span> <span class='ocrx_word' id='word_1_31' title='bbox 1385 476 1796 543; x_wconf 79' lang='grc' dir='ltr'>Ἀποθανόντος</span> <span class='ocrx_word' id='word_1_32' title='bbox 1831 482 1893 541; x_wconf 76' lang='grc' dir='ltr'>δὲ</span> 
     </span>
     <span class='ocr_line' id='line_1_6' title="bbox 290 566 1888 648; baseline 0.002 -21"><span class='ocrx_word' id='word_1_33' title='bbox 290 566 506 638; x_wconf 78' lang='grc' dir='ltr'>τούτου,</span> <span class='ocrx_word' id='word_1_34' title='bbox 531 566 824 648; x_wconf 75' lang='grc' dir='ltr'>Ἅρπαγος</span> <span class='ocrx_word' id='word_1_35' title='bbox 861 568 1076 643; x_wconf 84' lang='grc' dir='ltr'>κατέβη</span> <span class='ocrx_word' id='word_1_36' title='bbox 1111 566 1369 645; x_wconf 85' lang='grc' dir='ltr'>διάδοχος</span> <span class='ocrx_word' id='word_1_37' title='bbox 1403 569 1505 641; x_wconf 80' lang='grc' dir='ltr'>τῆς</span> <span class='ocrx_word' id='word_1_38' title='bbox 1530 567 1888 646; x_wconf 79' lang='grc' dir='ltr'>στρατηγίης,</span> 
     </span>
     <span class='ocr_line' id='line_1_7' title="bbox 292 651 1890 737; baseline -0.002 -21"><span class='ocrx_word' id='word_1_39' title='bbox 292 656 453 737; x_wconf 89' lang='grc' dir='ltr'>γένος</span> <span class='ocrx_word' id='word_1_40' title='bbox 480 654 571 713; x_wconf 81' lang='grc' dir='ltr'>καὶ</span> <span class='ocrx_word' id='word_1_41' title='bbox 599 654 764 718; x_wconf 73' lang='grc' dir='ltr'>αὐτὸς</span> <span class='ocrx_word' id='word_1_42' title='bbox 798 654 899 715; x_wconf 76' lang='grc' dir='ltr'>ἐῶν</span> <span class='ocrx_word' id='word_1_43' title='bbox 923 655 1137 730; x_wconf 82' lang='grc' dir='ltr'>Μῆδος,</span> <span class='ocrx_word' id='word_1_44' title='bbox 1164 652 1285 733; x_wconf 75' lang='grc' dir='ltr'>(τόν</span> <span class='ocrx_word' id='word_1_45' title='bbox 1312 651 1344 712; x_wconf 79' lang='grc' dir='ltr'>ὅ</span> <span class='ocrx_word' id='word_1_46' title='bbox 1371 651 1580 728; x_wconf 85' lang='grc' dir='ltr'>Μήδων</span> <span class='ocrx_word' id='word_1_47' title='bbox 1609 653 1890 728; x_wconf 75' lang='grc' dir='ltr'>βασιλεῦς</span> 
     </span>
     <span class='ocr_line' id='line_1_8' title="bbox 289 738 1889 823; baseline 0.001 -22"><span class='ocrx_word' id='word_1_48' title='bbox 289 741 608 823; x_wconf 79' lang='grc' dir='ltr'>Ἀστυάγης</span> <span class='ocrx_word' id='word_1_49' title='bbox 640 740 826 821; x_wconf 76' lang='grc' dir='ltr'>ἀνόμῳ</span> <span class='ocrx_word' id='word_1_50' title='bbox 858 742 1104 819; x_wconf 86' lang='grc' dir='ltr'>τραπέζῃ</span> <span class='ocrx_word' id='word_1_51' title='bbox 1142 739 1369 819; x_wconf 86' lang='grc' dir='ltr'>ἔδαισε,)</span> <span class='ocrx_word' id='word_1_52' title='bbox 1404 738 1435 799; x_wconf 84' lang='grc' dir='ltr'>ὁ</span> <span class='ocrx_word' id='word_1_53' title='bbox 1468 744 1546 818; x_wconf 74' lang='grc' dir='ltr'>τῷ</span> <span class='ocrx_word' id='word_1_54' title='bbox 1584 738 1753 820; x_wconf 80' lang='grc' dir='ltr'>Κῦρῳ</span> <span class='ocrx_word' id='word_1_55' title='bbox 1785 741 1889 817; x_wconf 70' lang='grc' dir='ltr'>τὴν</span> 
     </span>
     <span class='ocr_line' id='line_1_9' title="bbox 290 823 1889 911; baseline 0.001 -23"><span class='ocrx_word' id='word_1_56' title='bbox 290 830 604 906; x_wconf 74' lang='grc' dir='ltr'>βασιληίην</span> <span class='ocrx_word' id='word_1_57' title='bbox 645 828 1265 911; x_wconf 85' lang='grc' dir='ltr'>συγκατεργασάμενος.</span> <span class='ocrx_word' id='word_1_58' title='bbox 1334 823 1495 891; x_wconf 81' lang='grc' dir='ltr'>οὗτος</span> <span class='ocrx_word' id='word_1_59' title='bbox 1539 826 1712 905; x_wconf 75' lang='grc' dir='ltr'>ὦ’νὴρ</span> <span class='ocrx_word' id='word_1_60' title='bbox 1760 828 1889 890; x_wconf 83' lang='grc' dir='ltr'>τότε</span> 
     </span>
     <span class='ocr_line' id='line_1_10' title="bbox 289 912 1890 999; baseline 0.001 -22"><span class='ocrx_word' id='word_1_61' title='bbox 289 915 399 978; x_wconf 61' lang='lat' dir='ltr'>{vra</span> <span class='ocrx_word' id='word_1_62' title='bbox 428 916 618 996; x_wconf 80' lang='grc' dir='ltr'>Κύρου</span> <span class='ocrx_word' id='word_1_63' title='bbox 644 917 962 999; x_wconf 81' lang='grc' dir='ltr'>στρατηγός</span> <span class='ocrx_word' id='word_1_64' title='bbox 997 915 1328 995; x_wconf 75' lang='grc' dir='ltr'>ἀποδεχθεὶς</span> <span class='ocrx_word' id='word_1_65' title='bbox 1354 914 1425 978; x_wconf 83' lang='grc' dir='ltr'>ώς</span> <span class='ocrx_word' id='word_1_66' title='bbox 1450 912 1681 975; x_wconf 86' lang='grc' dir='ltr'>οἷπίκετο</span> <span class='ocrx_word' id='word_1_67' title='bbox 1708 920 1763 979; x_wconf 88' lang='grc' dir='ltr'>ἐς</span> <span class='ocrx_word' id='word_1_68' title='bbox 1785 916 1890 993; x_wconf 68' lang='grc' dir='ltr'>τὴν</span> 
     </span>
     <span class='ocr_line' id='line_1_11' title="bbox 291 1001 1889 1085; baseline -0.001 -21"><span class='ocrx_word' id='word_1_69' title='bbox 291 1003 518 1082; x_wconf 88' lang='grc' dir='ltr'>Ἰωνίην,</span> <span class='ocrx_word' id='word_1_70' title='bbox 549 1005 698 1082; x_wconf 80' lang='grc' dir='ltr'>αἵρεε</span> <span class='ocrx_word' id='word_1_71' title='bbox 727 1003 828 1069; x_wconf 74' lang='grc' dir='ltr'>τὰς</span> <span class='ocrx_word' id='word_1_72' title='bbox 861 1004 1067 1067; x_wconf 88' lang='grc' dir='ltr'>πόλιας</span> <span class='ocrx_word' id='word_1_73' title='bbox 1097 1004 1345 1083; x_wconf 81' lang='grc' dir='ltr'>χώμασι·</span> <span class='ocrx_word' id='word_1_74' title='bbox 1387 1001 1525 1067; x_wconf 81' lang='grc' dir='ltr'>ὅκως</span> <span class='ocrx_word' id='word_1_75' title='bbox 1557 1002 1667 1085; x_wconf 73' lang='grc' dir='ltr'>’γὰρ</span> <span class='ocrx_word' id='word_1_76' title='bbox 1704 1004 1889 1083; x_wconf 86' lang='grc' dir='ltr'>τειχή-</span> 
     </span>
     <span class='ocr_line' id='line_1_12' title="bbox 291 1090 1889 1172; baseline 0.001 -20"><span class='ocrx_word' id='word_1_77' title='bbox 291 1118 420 1172; x_wconf 91' lang='grc' dir='ltr'>ρεας</span> <span class='ocrx_word' id='word_1_78' title='bbox 455 1092 726 1169; x_wconf 85' lang='grc' dir='ltr'>ποιήσειε,</span> <span class='ocrx_word' id='word_1_79' title='bbox 751 1092 818 1153; x_wconf 74' lang='grc' dir='ltr'>τὰ</span> <span class='ocrx_word' id='word_1_80' title='bbox 846 1093 1094 1153; x_wconf 83' lang='grc' dir='ltr'>ἐνθεῦτεν</span> <span class='ocrx_word' id='word_1_81' title='bbox 1116 1091 1356 1170; x_wconf 87' lang='grc' dir='ltr'>χώματα</span> <span class='ocrx_word' id='word_1_82' title='bbox 1379 1094 1497 1170; x_wconf 80' lang='grc' dir='ltr'>χῶν</span> <span class='ocrx_word' id='word_1_83' title='bbox 1522 1090 1662 1168; x_wconf 83' lang='grc' dir='ltr'>πρός</span> <span class='ocrx_word' id='word_1_84' title='bbox 1686 1091 1757 1152; x_wconf 68' lang='grc' dir='ltr'>τοῖ</span> <span class='ocrx_word' id='word_1_85' title='bbox 1782 1094 1889 1153; x_wconf 88' lang='grc' dir='ltr'>τεί-</span> 
     </span>
    </p>

    <p class='ocr_par' dir='ltr' id='par_1_2' title="bbox 167 1178 1902 3278">
     <span class='ocr_line' id='line_1_13' title="bbox 167 1178 1869 1260; baseline -0.001 -19"><span class='ocrx_word' id='word_1_86' title='bbox 167 1254 180 1259; x_wconf 25' lang='grc' dir='ltr'><em>ῤ</em></span> <span class='ocrx_word' id='word_1_87' title='bbox 293 1206 398 1260; x_wconf 87' lang='grc' dir='ltr'>χεα</span> <span class='ocrx_word' id='word_1_88' title='bbox 425 1181 675 1258; x_wconf 80' lang='grc' dir='ltr'>ἐπόρθεε.</span> <span class='ocrx_word' id='word_1_89' title='bbox 737 1180 930 1259; x_wconf 87' lang='grc' dir='ltr'>πρώτῃ</span> <span class='ocrx_word' id='word_1_90' title='bbox 957 1180 1017 1239; x_wconf 77' lang='grc' dir='ltr'>δὲ</span> <span class='ocrx_word' id='word_1_91' title='bbox 1041 1180 1265 1258; x_wconf 85' lang='grc' dir='ltr'>Φωκαίῃ</span> <span class='ocrx_word' id='word_1_92' title='bbox 1289 1178 1498 1256; x_wconf 80' lang='grc' dir='ltr'>Ἰωνίης</span> <span class='ocrx_word' id='word_1_93' title='bbox 1524 1180 1869 1258; x_wconf 85' lang='grc' dir='ltr'>ἐπεχείρησε.</span> 
     </span>
     <span class='ocr_line' id='line_1_14' title="bbox 202 1266 1891 1347; baseline 0 -18"><span class='ocrx_word' id='word_1_94' title='bbox 202 1269 318 1330; x_wconf 87' lang='grc'>163</span> <span class='ocrx_word' id='word_1_95' title='bbox 418 1272 492 1327; x_wconf 81' lang='grc' dir='ltr'>Οἱ</span> <span class='ocrx_word' id='word_1_96' title='bbox 517 1269 578 1328; x_wconf 84' lang='grc' dir='ltr'>δὲ</span> <span class='ocrx_word' id='word_1_97' title='bbox 602 1269 871 1331; x_wconf 82' lang='grc' dir='ltr'>Φωκαιέες</span> <span class='ocrx_word' id='word_1_98' title='bbox 898 1266 1052 1329; x_wconf 81' lang='grc' dir='ltr'>οὗτοι</span> <span class='ocrx_word' id='word_1_99' title='bbox 1068 1267 1388 1347; x_wconf 82' lang='grc' dir='ltr'>ναυτιλίῃσι</span> <span class='ocrx_word' id='word_1_100' title='bbox 1410 1271 1663 1345; x_wconf 81' lang='grc' dir='ltr'>μακρῇσι</span> <span class='ocrx_word' id='word_1_101' title='bbox 1680 1272 1891 1345; x_wconf 76' lang='grc' dir='ltr'>πρῶτοι</span> 
     </span>
     <span class='ocr_line' id='line_1_15' title="bbox 291 1354 1891 1433; baseline 0.001 -19"><span class='ocrx_word' id='word_1_102' title='bbox 291 1355 580 1431; x_wconf 84' lang='grc' dir='ltr'>Ἑλλήνων</span> <span class='ocrx_word' id='word_1_103' title='bbox 621 1354 954 1433; x_wconf 86' lang='grc' dir='ltr'>ἐχρήσαντο·</span> <span class='ocrx_word' id='word_1_104' title='bbox 1010 1356 1104 1414; x_wconf 78' lang='grc' dir='ltr'>καὶ</span> <span class='ocrx_word' id='word_1_105' title='bbox 1142 1354 1243 1415; x_wconf 85' lang='grc' dir='ltr'>τόν</span> <span class='ocrx_word' id='word_1_106' title='bbox 1281 1380 1345 1415; x_wconf 88' lang='grc' dir='ltr'>τε</span> <span class='ocrx_word' id='word_1_107' title='bbox 1386 1354 1615 1431; x_wconf 85' lang='grc' dir='ltr'>Ἀδρίην</span> <span class='ocrx_word' id='word_1_108' title='bbox 1652 1356 1745 1414; x_wconf 87' lang='grc' dir='ltr'>καὶ</span> <span class='ocrx_word' id='word_1_109' title='bbox 1787 1355 1891 1431; x_wconf 77' lang='grc' dir='ltr'>τὴν</span> 
     </span>
     <span class='ocr_line' id='line_1_16' title="bbox 292 1440 1891 1522; baseline 0.002 -21"><span class='ocrx_word' id='word_1_110' title='bbox 292 1444 610 1521; x_wconf 86' lang='grc' dir='ltr'>Τυρσηνίην</span> <span class='ocrx_word' id='word_1_111' title='bbox 642 1443 734 1501; x_wconf 84' lang='grc' dir='ltr'>καὶ</span> <span class='ocrx_word' id='word_1_112' title='bbox 765 1442 868 1517; x_wconf 81' lang='grc' dir='ltr'>τὴν</span> <span class='ocrx_word' id='word_1_113' title='bbox 896 1440 1155 1522; x_wconf 86' lang='grc' dir='ltr'>Ἰβηρίην</span> <span class='ocrx_word' id='word_1_114' title='bbox 1182 1441 1274 1501; x_wconf 83' lang='grc' dir='ltr'>καὶ</span> <span class='ocrx_word' id='word_1_115' title='bbox 1307 1443 1407 1503; x_wconf 86' lang='grc' dir='ltr'>τόν</span> <span class='ocrx_word' id='word_1_116' title='bbox 1436 1442 1776 1520; x_wconf 73' lang='grc' dir='ltr'>Ταρτησσὸν</span> <span class='ocrx_word' id='word_1_117' title='bbox 1800 1441 1891 1504; x_wconf 79' lang='grc' dir='ltr'>οὗ·</span> 
     </span>
     <span class='ocr_line' id='line_1_17' title="bbox 291 1530 1892 1613; baseline 0 -22"><span class='ocrx_word' id='word_1_118' title='bbox 291 1531 388 1591; x_wconf 89' lang='grc' dir='ltr'>τοί</span> <span class='ocrx_word' id='word_1_119' title='bbox 420 1535 530 1591; x_wconf 82' lang='grc' dir='ltr'>εἰσι</span> <span class='ocrx_word' id='word_1_120' title='bbox 555 1533 610 1589; x_wconf 81' lang='grc' dir='ltr'>οἱ</span> <span class='ocrx_word' id='word_1_121' title='bbox 636 1530 1046 1600; x_wconf 84' lang='grc' dir='ltr'>καταδέξαντες·</span> <span class='ocrx_word' id='word_1_122' title='bbox 1087 1530 1481 1591; x_wconf 82' lang='grc' dir='ltr'>ἐναυτίλλοντο</span> <span class='ocrx_word' id='word_1_123' title='bbox 1507 1530 1567 1591; x_wconf 73' lang='grc' dir='ltr'>δὲ</span> <span class='ocrx_word' id='word_1_124' title='bbox 1593 1530 1657 1591; x_wconf 79' lang='grc' dir='ltr'>οὗ</span> <span class='ocrx_word' id='word_1_125' title='bbox 1688 1556 1892 1613; x_wconf 89' lang='grc' dir='ltr'>στρογ-</span> 
     </span>
     <span class='ocr_line' id='line_1_18' title="bbox 293 1616 1894 1700; baseline 0.001 -22"><span class='ocrx_word' id='word_1_126' title='bbox 293 1618 507 1700; x_wconf 79' lang='grc' dir='ltr'>γύλῃσι</span> <span class='ocrx_word' id='word_1_127' title='bbox 531 1618 698 1694; x_wconf 80' lang='grc' dir='ltr'>νηυσὶ</span> <span class='ocrx_word' id='word_1_128' title='bbox 721 1616 878 1677; x_wconf 78' lang='grc' dir='ltr'>ἅλλοὶ</span> <span class='ocrx_word' id='word_1_129' title='bbox 901 1618 1405 1696; x_wconf 89' lang='grc' dir='ltr'>πεντηκοντέροισι.</span> <span class='ocrx_word' id='word_1_130' title='bbox 1472 1617 1799 1695; x_wconf 72' lang='grc' dir='ltr'>ἀπικόμενοι</span> <span class='ocrx_word' id='word_1_131' title='bbox 1832 1620 1894 1679; x_wconf 76' lang='grc' dir='ltr'>δὲ</span> 
     </span>
     <span class='ocr_line' id='line_1_19' title="bbox 296 1705 1894 1788; baseline 0 -21"><span class='ocrx_word' id='word_1_132' title='bbox 296 1712 351 1771; x_wconf 90' lang='grc' dir='ltr'>ἐς</span> <span class='ocrx_word' id='word_1_133' title='bbox 380 1707 480 1768; x_wconf 81' lang='grc' dir='ltr'>τόν</span> <span class='ocrx_word' id='word_1_134' title='bbox 515 1705 871 1785; x_wconf 81' lang='grc' dir='ltr'>Ταρτησσόν,</span> <span class='ocrx_word' id='word_1_135' title='bbox 895 1706 1247 1784; x_wconf 85' lang='grc' dir='ltr'>προσφιλέες</span> <span class='ocrx_word' id='word_1_136' title='bbox 1277 1706 1529 1788; x_wconf 88' lang='grc' dir='ltr'>ἐγένοντο</span> <span class='ocrx_word' id='word_1_137' title='bbox 1554 1710 1631 1785; x_wconf 77' lang='grc' dir='ltr'>τῷ</span> <span class='ocrx_word' id='word_1_138' title='bbox 1653 1707 1894 1783; x_wconf 80' lang='grc' dir='ltr'>βασιλέϊ</span> 
     </span>
     <span class='ocr_line' id='line_1_20' title="bbox 294 1792 1891 1876; baseline 0.003 -21"><span class='ocrx_word' id='word_1_139' title='bbox 294 1800 406 1856; x_wconf 80' lang='grc' dir='ltr'>τῶν</span> <span class='ocrx_word' id='word_1_140' title='bbox 441 1794 826 1873; x_wconf 85' lang='grc' dir='ltr'>Ταρτησσίων,</span> <span class='ocrx_word' id='word_1_141' title='bbox 861 1798 940 1873; x_wconf 76' lang='grc' dir='ltr'>τῷ</span> <span class='ocrx_word' id='word_1_142' title='bbox 979 1792 1191 1872; x_wconf 80' lang='grc' dir='ltr'>οὔνομα</span> <span class='ocrx_word' id='word_1_143' title='bbox 1228 1796 1332 1871; x_wconf 81' lang='grc' dir='ltr'>μὲν</span> <span class='ocrx_word' id='word_1_144' title='bbox 1364 1793 1436 1870; x_wconf 88' lang='grc' dir='ltr'>ἥν</span> <span class='ocrx_word' id='word_1_145' title='bbox 1466 1792 1891 1876; x_wconf 75' lang='grc' dir='ltr'>Ἀργανθώνιος·</span> 
     </span>
     <span class='ocr_line' id='line_1_21' title="bbox 298 1881 1894 1964; baseline 0 -21"><span class='ocrx_word' id='word_1_146' title='bbox 298 1882 655 1960; x_wconf 79' lang='grc' dir='ltr'>ἐτυράννευσε</span> <span class='ocrx_word' id='word_1_147' title='bbox 690 1882 750 1942; x_wconf 77' lang='grc' dir='ltr'>δὲ</span> <span class='ocrx_word' id='word_1_148' title='bbox 780 1886 1121 1960; x_wconf 79' lang='grc' dir='ltr'>Ταρτησσοῦ</span> <span class='ocrx_word' id='word_1_149' title='bbox 1158 1881 1475 1964; x_wconf 75' lang='grc' dir='ltr'>ὀγδώκοντα</span> <span class='ocrx_word' id='word_1_150' title='bbox 1509 1883 1650 1954; x_wconf 83' lang='grc' dir='ltr'>ἔτεα,</span> <span class='ocrx_word' id='word_1_151' title='bbox 1687 1883 1894 1959; x_wconf 82' lang='grc' dir='ltr'>ἐβίωσε</span> 
     </span>
     <span class='ocr_line' id='line_1_22' title="bbox 294 1969 1895 2050; baseline 0 -19"><span class='ocrx_word' id='word_1_152' title='bbox 294 1971 356 2031; x_wconf 79' lang='grc' dir='ltr'>δὲ</span> <span class='ocrx_word' id='word_1_153' title='bbox 399 1970 584 2032; x_wconf 86' lang='grc' dir='ltr'>πάντα</span> <span class='ocrx_word' id='word_1_154' title='bbox 630 1971 811 2031; x_wconf 79' lang='grc' dir='ltr'>εἴκοσι</span> <span class='ocrx_word' id='word_1_155' title='bbox 862 1971 956 2031; x_wconf 82' lang='grc' dir='ltr'>καὶ</span> <span class='ocrx_word' id='word_1_156' title='bbox 1007 1969 1221 2031; x_wconf 81' lang='grc' dir='ltr'>ἑκατόν.</span> <span class='ocrx_word' id='word_1_157' title='bbox 1300 1969 1477 2050; x_wconf 81' lang='grc' dir='ltr'>τούτῳ</span> <span class='ocrx_word' id='word_1_158' title='bbox 1520 1970 1582 2029; x_wconf 78' lang='grc' dir='ltr'>δὲ</span> <span class='ocrx_word' id='word_1_159' title='bbox 1620 1973 1699 2049; x_wconf 73' lang='grc' dir='ltr'>τῷ</span> <span class='ocrx_word' id='word_1_160' title='bbox 1737 1970 1895 2049; x_wconf 79' lang='grc' dir='ltr'>ἅνδρὶ</span> 
     </span>
     <span class='ocr_line' id='line_1_23' title="bbox 294 2057 1895 2141; baseline 0.001 -24"><span class='ocrx_word' id='word_1_161' title='bbox 294 2060 643 2137; x_wconf 85' lang='grc' dir='ltr'>προσφιλέες</span> <span class='ocrx_word' id='word_1_162' title='bbox 679 2062 734 2119; x_wconf 80' lang='grc' dir='ltr'>οἶ</span> <span class='ocrx_word' id='word_1_163' title='bbox 768 2060 1039 2123; x_wconf 85' lang='grc' dir='ltr'>Φωκαιέες</span> <span class='ocrx_word' id='word_1_164' title='bbox 1073 2058 1215 2119; x_wconf 79' lang='grc' dir='ltr'>οὕτω</span> <span class='ocrx_word' id='word_1_165' title='bbox 1242 2057 1312 2135; x_wconf 85' lang='grc' dir='ltr'>δή</span> <span class='ocrx_word' id='word_1_166' title='bbox 1336 2084 1393 2120; x_wconf 91' lang='grc' dir='ltr'>τι</span> <span class='ocrx_word' id='word_1_167' title='bbox 1420 2058 1690 2141; x_wconf 84' lang='grc' dir='ltr'>ἐγένοντο,</span> <span class='ocrx_word' id='word_1_168' title='bbox 1718 2058 1791 2123; x_wconf 75' lang='grc' dir='ltr'>ὥς</span> <span class='ocrx_word' id='word_1_169' title='bbox 1823 2059 1895 2119; x_wconf 71' lang='grc' dir='ltr'>τὰ</span> 
     </span>
     <span class='ocr_line' id='line_1_24' title="bbox 292 2146 1895 2225; baseline 0.002 -18"><span class='ocrx_word' id='word_1_170' title='bbox 292 2150 398 2225; x_wconf 76' lang='grc' dir='ltr'>μὲν</span> <span class='ocrx_word' id='word_1_171' title='bbox 437 2147 632 2225; x_wconf 78' lang='grc' dir='ltr'>πρῶτά</span> <span class='ocrx_word' id='word_1_172' title='bbox 675 2153 860 2223; x_wconf 84' lang='grc' dir='ltr'>σφεας</span> <span class='ocrx_word' id='word_1_173' title='bbox 907 2146 1238 2211; x_wconf 81' lang='grc' dir='ltr'>ἐκλιπόντας</span> <span class='ocrx_word' id='word_1_174' title='bbox 1279 2146 1491 2224; x_wconf 89' lang='grc' dir='ltr'>Ἰωνίην</span> <span class='ocrx_word' id='word_1_175' title='bbox 1534 2147 1755 2207; x_wconf 86' lang='grc' dir='ltr'>ἐκέλευε</span> <span class='ocrx_word' id='word_1_176' title='bbox 1793 2151 1895 2223; x_wconf 81' lang='grc' dir='ltr'>τῆς</span> 
     </span>
     <span class='ocr_line' id='line_1_25' title="bbox 296 2232 1896 2313; baseline 0.003 -19"><span class='ocrx_word' id='word_1_177' title='bbox 296 2238 498 2295; x_wconf 80' lang='grc' dir='ltr'>ἑωυτοῦ</span> <span class='ocrx_word' id='word_1_178' title='bbox 529 2234 717 2313; x_wconf 87' lang='grc' dir='ltr'>χώρης</span> <span class='ocrx_word' id='word_1_179' title='bbox 749 2240 977 2311; x_wconf 81' lang='grc' dir='ltr'>οἰκῆσαι</span> <span class='ocrx_word' id='word_1_180' title='bbox 1008 2234 1142 2295; x_wconf 83' lang='grc' dir='ltr'>ὅκου</span> <span class='ocrx_word' id='word_1_181' title='bbox 1158 2232 1505 2312; x_wconf 76' lang='grc' dir='ltr'>βούλονται·</span> <span class='ocrx_word' id='word_1_182' title='bbox 1544 2234 1688 2311; x_wconf 73' lang='grc' dir='ltr'>μετὰ</span> <span class='ocrx_word' id='word_1_183' title='bbox 1720 2235 1797 2307; x_wconf 73' lang='grc' dir='ltr'>δὲ,</span> <span class='ocrx_word' id='word_1_184' title='bbox 1824 2233 1896 2299; x_wconf 76' lang='grc' dir='ltr'>ὦς</span> 
     </span>
     <span class='ocr_line' id='line_1_26' title="bbox 294 2320 1896 2402; baseline 0.001 -20"><span class='ocrx_word' id='word_1_185' title='bbox 294 2322 461 2382; x_wconf 85' lang='grc' dir='ltr'>τοῦτό</span> <span class='ocrx_word' id='word_1_186' title='bbox 490 2347 558 2402; x_wconf 87' lang='grc' dir='ltr'>γε</span> <span class='ocrx_word' id='word_1_187' title='bbox 591 2321 691 2381; x_wconf 74' lang='grc' dir='ltr'>οὐκ</span> <span class='ocrx_word' id='word_1_188' title='bbox 733 2322 916 2383; x_wconf 84' lang='grc' dir='ltr'>ἔπειθε</span> <span class='ocrx_word' id='word_1_189' title='bbox 947 2322 1078 2386; x_wconf 76' lang='grc' dir='ltr'>τοῦς</span> <span class='ocrx_word' id='word_1_190' title='bbox 1114 2320 1413 2393; x_wconf 87' lang='grc' dir='ltr'>Φωκαιεάς,</span> <span class='ocrx_word' id='word_1_191' title='bbox 1439 2320 1473 2382; x_wconf 77' lang='grc' dir='ltr'>ὅ</span> <span class='ocrx_word' id='word_1_192' title='bbox 1499 2322 1560 2381; x_wconf 77' lang='grc' dir='ltr'>δὲ</span> <span class='ocrx_word' id='word_1_193' title='bbox 1584 2322 1896 2399; x_wconf 88' lang='grc' dir='ltr'>πυθόμενος</span> 
     </span>
     <span class='ocr_line' id='line_1_27' title="bbox 295 2405 1895 2490; baseline 0 -21"><span class='ocrx_word' id='word_1_194' title='bbox 295 2405 395 2469; x_wconf 81' lang='grc' dir='ltr'>τόν</span> <span class='ocrx_word' id='word_1_195' title='bbox 426 2407 628 2485; x_wconf 84' lang='grc' dir='ltr'>Μῆδον</span> <span class='ocrx_word' id='word_1_196' title='bbox 662 2407 792 2486; x_wconf 86' lang='grc' dir='ltr'>παρ’</span> <span class='ocrx_word' id='word_1_197' title='bbox 819 2408 1026 2469; x_wconf 67' lang='grc' dir='ltr'>αὖτῶν”</span> <span class='ocrx_word' id='word_1_198' title='bbox 1037 2409 1108 2473; x_wconf 78' lang='grc' dir='ltr'>ὥς</span> <span class='ocrx_word' id='word_1_199' title='bbox 1146 2408 1387 2481; x_wconf 74' lang='grc' dir='ltr'>αὔξοιτο,</span> <span class='ocrx_word' id='word_1_200' title='bbox 1415 2410 1597 2469; x_wconf 87' lang='grc' dir='ltr'>ἐδίδου</span> <span class='ocrx_word' id='word_1_201' title='bbox 1622 2416 1736 2486; x_wconf 87' lang='grc' dir='ltr'>σφι</span> <span class='ocrx_word' id='word_1_202' title='bbox 1758 2410 1895 2490; x_wconf 82' lang='grc' dir='ltr'>χρή-</span> 
     </span>
     <span class='ocr_line' id='line_1_28' title="bbox 297 2496 1896 2577; baseline 0.003 -22"><span class='ocrx_word' id='word_1_203' title='bbox 297 2522 449 2573; x_wconf 87' lang='grc' dir='ltr'>ματα</span> <span class='ocrx_word' id='word_1_204' title='bbox 498 2498 686 2577; x_wconf 81' lang='grc' dir='ltr'>τεῖχος</span> <span class='ocrx_word' id='word_1_205' title='bbox 735 2497 1157 2574; x_wconf 86' lang='grc' dir='ltr'>περιβαλέσθαι</span> <span class='ocrx_word' id='word_1_206' title='bbox 1204 2496 1309 2574; x_wconf 82' lang='grc' dir='ltr'>τὴν</span> <span class='ocrx_word' id='word_1_207' title='bbox 1357 2496 1545 2559; x_wconf 86' lang='grc' dir='ltr'>πόλιν·</span> <span class='ocrx_word' id='word_1_208' title='bbox 1607 2497 1787 2559; x_wconf 88' lang='grc' dir='ltr'>ἐδίδου</span> <span class='ocrx_word' id='word_1_209' title='bbox 1836 2500 1896 2559; x_wconf 79' lang='grc' dir='ltr'>δὲ</span> 
     </span>
     <span class='ocr_line' id='line_1_29' title="bbox 297 2583 1898 2666; baseline 0.002 -21"><span class='ocrx_word' id='word_1_210' title='bbox 297 2584 582 2661; x_wconf 71' lang='grc' dir='ltr'>ἀφειδέως·</span> <span class='ocrx_word' id='word_1_211' title='bbox 636 2583 729 2643; x_wconf 82' lang='grc' dir='ltr'>καὶ</span> <span class='ocrx_word' id='word_1_212' title='bbox 757 2584 868 2665; x_wconf 75' lang='grc' dir='ltr'>γὰρ</span> <span class='ocrx_word' id='word_1_213' title='bbox 906 2585 998 2644; x_wconf 89' lang='grc' dir='ltr'>καὶ</span> <span class='ocrx_word' id='word_1_214' title='bbox 1036 2584 1076 2662; x_wconf 79' lang='grc' dir='ltr'><em>ἦ</em></span> <span class='ocrx_word' id='word_1_215' title='bbox 1116 2585 1375 2662; x_wconf 88' lang='grc' dir='ltr'>περίοδος</span> <span class='ocrx_word' id='word_1_216' title='bbox 1410 2588 1512 2646; x_wconf 75' lang='grc' dir='ltr'>τοῦ</span> <span class='ocrx_word' id='word_1_217' title='bbox 1551 2586 1768 2666; x_wconf 86' lang='grc' dir='ltr'>τείχεος</span> <span class='ocrx_word' id='word_1_218' title='bbox 1796 2586 1898 2648; x_wconf 73' lang='grc' dir='ltr'>οὐκ</span> 
     </span>
     <span class='ocr_line' id='line_1_30' title="bbox 301 2670 1899 2755; baseline 0.003 -23"><span class='ocrx_word' id='word_1_219' title='bbox 301 2670 489 2754; x_wconf 78' lang='grc' dir='ltr'>ὀλίγοι</span> <span class='ocrx_word' id='word_1_220' title='bbox 529 2671 756 2732; x_wconf 86' lang='grc' dir='ltr'>στάδιοί</span> <span class='ocrx_word' id='word_1_221' title='bbox 795 2676 925 2732; x_wconf 79' lang='grc' dir='ltr'>εἶσι·</span> <span class='ocrx_word' id='word_1_222' title='bbox 975 2677 1144 2734; x_wconf 85' lang='grc' dir='ltr'>τοῦτο</span> <span class='ocrx_word' id='word_1_223' title='bbox 1183 2673 1247 2733; x_wconf 75' lang='grc' dir='ltr'>δὲ</span> <span class='ocrx_word' id='word_1_224' title='bbox 1278 2678 1394 2733; x_wconf 79' lang='grc' dir='ltr'>πᾶν</span> <span class='ocrx_word' id='word_1_225' title='bbox 1428 2674 1602 2735; x_wconf 86' lang='grc' dir='ltr'>λίθων</span> <span class='ocrx_word' id='word_1_226' title='bbox 1635 2674 1899 2755; x_wconf 85' lang='grc' dir='ltr'>μεγάλων</span> 
     </span>
     <span class='ocr_line' id='line_1_31' title="bbox 205 2758 1901 2840; baseline 0.004 -22"><span class='ocrx_word' id='word_1_227' title='bbox 205 2761 320 2819; x_wconf 83' lang='grc'>164</span> <span class='ocrx_word' id='word_1_228' title='bbox 340 2761 433 2818; x_wconf 85' lang='grc' dir='ltr'>καὶ</span> <span class='ocrx_word' id='word_1_229' title='bbox 476 2758 536 2819; x_wconf 78' lang='grc' dir='ltr'>εὖ</span> <span class='ocrx_word' id='word_1_230' title='bbox 582 2760 1073 2839; x_wconf 85' lang='grc' dir='ltr'>συναρμοσμένων.</span> <span class='ocrx_word' id='word_1_231' title='bbox 1139 2759 1219 2821; x_wconf 80' lang='grc' dir='ltr'>Τό</span> <span class='ocrx_word' id='word_1_232' title='bbox 1269 2763 1374 2838; x_wconf 84' lang='grc' dir='ltr'>μὲν</span> <span class='ocrx_word' id='word_1_233' title='bbox 1414 2760 1483 2837; x_wconf 75' lang='grc' dir='ltr'>δή</span> <span class='ocrx_word' id='word_1_234' title='bbox 1523 2765 1709 2840; x_wconf 81' lang='grc' dir='ltr'>τεῖχος</span> <span class='ocrx_word' id='word_1_235' title='bbox 1744 2766 1901 2824; x_wconf 84' lang='grc' dir='ltr'>τοῖσι</span> 
     </span>
     <span class='ocr_line' id='line_1_32' title="bbox 299 2848 1901 2933; baseline 0.004 -27"><span class='ocrx_word' id='word_1_236' title='bbox 299 2850 611 2907; x_wconf 78' lang='grc' dir='ltr'>Φωκαιεῦσι</span> <span class='ocrx_word' id='word_1_237' title='bbox 643 2848 831 2928; x_wconf 83' lang='grc' dir='ltr'>τρόπῳ</span> <span class='ocrx_word' id='word_1_238' title='bbox 859 2848 1052 2928; x_wconf 75' lang='grc' dir='ltr'>τοιῷδε</span> <span class='ocrx_word' id='word_1_239' title='bbox 1083 2848 1398 2925; x_wconf 74' lang='grc' dir='ltr'>ἐξεποιήθη.</span> <span class='ocrx_word' id='word_1_240' title='bbox 1465 2848 1498 2910; x_wconf 81' lang='grc' dir='ltr'><em>ὅ</em></span> <span class='ocrx_word' id='word_1_241' title='bbox 1524 2850 1584 2910; x_wconf 85' lang='grc' dir='ltr'>δὲ</span> <span class='ocrx_word' id='word_1_242' title='bbox 1607 2849 1901 2933; x_wconf 75' lang='grc' dir='ltr'>Ἅρπαγος</span> 
     </span>
     <span class='ocr_line' id='line_1_33' title="bbox 300 2934 1902 3017; baseline 0.002 -22"><span class='ocrx_word' id='word_1_243' title='bbox 300 2934 373 2999; x_wconf 80' lang='grc' dir='ltr'>ὦς</span> <span class='ocrx_word' id='word_1_244' title='bbox 411 2936 657 2995; x_wconf 89' lang='grc' dir='ltr'>ἐπέλασε</span> <span class='ocrx_word' id='word_1_245' title='bbox 690 2935 796 3011; x_wconf 80' lang='grc' dir='ltr'>τὴν</span> <span class='ocrx_word' id='word_1_246' title='bbox 830 2937 1119 3014; x_wconf 79' lang='grc' dir='ltr'>στρατιὴν,</span> <span class='ocrx_word' id='word_1_247' title='bbox 1151 2936 1474 3014; x_wconf 86' lang='grc' dir='ltr'>ἐπολιόρκεε</span> <span class='ocrx_word' id='word_1_248' title='bbox 1508 2936 1723 3009; x_wconf 75' lang='grc' dir='ltr'>αὐτοῦς,</span> <span class='ocrx_word' id='word_1_249' title='bbox 1764 2964 1902 3017; x_wconf 90' lang='grc' dir='ltr'>προ-</span> 
     </span>
     <span class='ocr_line' id='line_1_34' title="bbox 298 3022 1899 3103; baseline 0.001 -21"><span class='ocrx_word' id='word_1_250' title='bbox 298 3022 600 3103; x_wconf 80' lang='grc' dir='ltr'>ϊσχόμενος</span> <span class='ocrx_word' id='word_1_251' title='bbox 632 3024 767 3083; x_wconf 79' lang='grc' dir='ltr'>ἔπεα</span> <span class='ocrx_word' id='word_1_252' title='bbox 807 3032 844 3059; x_wconf 89' lang='grc'><strong><em>“</em></strong></span> <span class='ocrx_word' id='word_1_253' title='bbox 860 3023 931 3087; x_wconf 79' lang='grc' dir='ltr'>ὥς</span> <span class='ocrx_word' id='word_1_254' title='bbox 962 3026 1016 3083; x_wconf 81' lang='grc' dir='ltr'>οἱ</span> <span class='ocrx_word' id='word_1_255' title='bbox 1056 3027 1326 3103; x_wconf 75' lang='grc' dir='ltr'>καταχρᾷ,</span> <span class='ocrx_word' id='word_1_256' title='bbox 1357 3028 1406 3083; x_wconf 83' lang='grc' dir='ltr'>εἰ</span> <span class='ocrx_word' id='word_1_257' title='bbox 1439 3025 1750 3102; x_wconf 82' lang='grc' dir='ltr'>βούλονται</span> <span class='ocrx_word' id='word_1_258' title='bbox 1784 3033 1899 3085; x_wconf 81' lang='grc' dir='ltr'>Φω·</span> 
     </span>
     <span class='ocr_line' id='line_1_35' title="bbox 301 3112 1899 3192; baseline 0.001 -22"><span class='ocrx_word' id='word_1_259' title='bbox 301 3113 477 3175; x_wconf 85' lang='grc' dir='ltr'>καιέες</span> <span class='ocrx_word' id='word_1_260' title='bbox 514 3116 889 3191; x_wconf 75' lang='grc' dir='ltr'>προμαχεῶνα</span> <span class='ocrx_word' id='word_1_261' title='bbox 921 3112 1015 3171; x_wconf 79' lang='grc' dir='ltr'>ἕνα</span> <span class='ocrx_word' id='word_1_262' title='bbox 1044 3115 1253 3189; x_wconf 89' lang='grc' dir='ltr'>μοῦνον</span> <span class='ocrx_word' id='word_1_263' title='bbox 1283 3116 1384 3170; x_wconf 85' lang='grc' dir='ltr'>τοῦ</span> <span class='ocrx_word' id='word_1_264' title='bbox 1415 3113 1630 3192; x_wconf 87' lang='grc' dir='ltr'>τείχεος</span> <span class='ocrx_word' id='word_1_265' title='bbox 1668 3116 1899 3191; x_wconf 82' lang='grc' dir='ltr'>ἐρεῖψαι,</span> 
     </span>
     <span class='ocr_line' id='line_1_36' title="bbox 305 3198 1902 3278; baseline 0 -20"><span class='ocrx_word' id='word_1_266' title='bbox 305 3201 396 3259; x_wconf 81' lang='grc' dir='ltr'>καὶ</span> <span class='ocrx_word' id='word_1_267' title='bbox 425 3202 633 3278; x_wconf 79' lang='grc' dir='ltr'>οἴκημα</span> <span class='ocrx_word' id='word_1_268' title='bbox 650 3248 655 3253; x_wconf 88' lang='grc'>.</span> <span class='ocrx_word' id='word_1_269' title='bbox 674 3200 732 3261; x_wconf 75' lang='grc' dir='ltr'>’ἐν</span> <span class='ocrx_word' id='word_1_270' title='bbox 765 3198 1120 3276; x_wconf 76' lang='grc' dir='ltr'>κατιρῶσαι·”</span> <span class='ocrx_word' id='word_1_271' title='bbox 1164 3200 1218 3257; x_wconf 81' lang='grc' dir='ltr'>οἱ</span> <span class='ocrx_word' id='word_1_272' title='bbox 1255 3198 1314 3257; x_wconf 81' lang='grc' dir='ltr'>δὲ</span> <span class='ocrx_word' id='word_1_273' title='bbox 1346 3201 1619 3263; x_wconf 88' lang='grc' dir='ltr'>Φωκαιέες</span> <span class='ocrx_word' id='word_1_274' title='bbox 1643 3223 1902 3277; x_wconf 86' lang='grc' dir='ltr'>περιημε-</span> 
     </span>
    </p>
   </div>
   <div class='ocr_carea' id='block_1_2' title="bbox 303 3285 1903 3372">
    <p class='ocr_par' dir='ltr' id='par_1_3' title="bbox 303 3285 1903 3372">
     <span class='ocr_line' id='line_1_37' title="bbox 303 3285 1903 3372; baseline -0.002 -24"><span class='ocrx_word' id='word_1_275' title='bbox 303 3290 550 3355; x_wconf 88' lang='grc' dir='ltr'>κτέοντες</span> <span class='ocrx_word' id='word_1_276' title='bbox 585 3293 660 3372; x_wconf 81' lang='grc' dir='ltr'>’τῇ</span> <span class='ocrx_word' id='word_1_277' title='bbox 685 3286 1022 3369; x_wconf 72' lang='grc' dir='ltr'>δουλοσύνῃ,</span> <span class='ocrx_word' id='word_1_278' title='bbox 1048 3286 1077 3347; x_wconf 80' lang='grc' dir='ltr'>ἔ</span> <span class='ocrx_word' id='word_1_279' title='bbox 1204 3310 1274 3347; x_wconf 85' lang='grc' dir='ltr'>αν</span> <span class='ocrx_word' id='word_1_280' title='bbox 1309 3296 1345 3323; x_wconf 87' lang='grc'><strong>“</strong></span> <span class='ocrx_word' id='word_1_281' title='bbox 1364 3287 1549 3347; x_wconf 82' lang='grc' dir='ltr'>θέλειν</span> <span class='ocrx_word' id='word_1_282' title='bbox 1584 3285 1903 3363; x_wconf 73' lang='grc' dir='ltr'>βουλεύσα-</span> 
     </span>
    </p>
   </div>
  </div>
 </body>
</html>
