2267 3517
387 127 670 193 188-192]
964 127 1415 178 ΜΕΛΠΟΜΕΝΗ.
1890 129 1984 182 357

386 211 533 271 σέων
570 211 791 289 ἔχονται
830 207 1100 286 ἀροτῆρες
1124 207 1232 284 ἤδη
1258 209 1487 285 Λίβυες,
1515 208 1609 268 καὶ
1634 208 1809 273 οἰκίας
1835 211 1986 286 νομί-

386 299 573 369 ζοντες
598 299 888 373 ἐκτῆσθαι·
927 302 1079 358 τοῖσι
1108 295 1318 373 οὔνομα
1345 297 1527 356 κέεται
1553 296 1798 366 Μάξυες·
1841 299 1894 358 οἳ
1918 297 1991 359 vo?

389 386 631 455 ἐπιδεξιᾶ.
671 390 781 446 τῶν
823 388 1114 462 κεφαλέων
1151 385 1416 462 κομόωσι,
1453 385 1524 445 τοῖ
1565 384 1610 443 δ’
1649 386 1987 463 ἐπαριστερᾶ

389 475 656 552 κείρουσι·
686 473 753 534 τό
781 475 840 534 δὲ
866 477 1033 550 σῶμα
1058 475 1312 552 χρίονται
1337 475 1538 552 μίλτῳ·
1575 474 1724 549 φασὶ
1751 474 1810 532 δὲ
1837 472 1990 534 οὗτοι

390 563 528 622 εἶναι
553 567 661 622 τῶν
689 568 749 622 ἐκ
772 564 978 640 Τροίης
1014 561 1243 639 ἀνδρῶν.
1311 561 1348 636 ἦ
1377 563 1436 620 δὲ
1460 560 1615 641 χώρη
1643 561 1783 638 αὕτη
1808 587 1870 621 τε
1899 563 1990 622 καὶ
2057 567 2062 572 ’

387 649 425 726 ἡ
459 650 633 726 λοιπή
658 655 760 726 τῆς
786 650 1007 728 Λιβύης
1030 649 1069 727 ἦ
1094 649 1240 728 πρός
1277 651 1536 726 ἑσπέρην,
1564 654 1766 728 πολλῷ
1793 651 1988 727 θηριω-

389 737 625 814 δεστέρη
659 763 722 797 τε
764 738 856 795 καὶ
884 737 1214 814 δασυτέρη’
1188 737 1312 796 εστὶ
1337 741 1438 811 τῆς
1463 741 1575 796 τῶν
1599 736 1853 813 νομάδων
1879 739 1986 817 χῶ-

387 851 507 902 ρης·
547 851 585 901 η
615 828 719 903 μὲν
753 827 863 907 γοὶρ
906 825 973 900 δὴ
1012 825 1153 903 πρὸς
1177 825 1281 901 τὴν
1307 823 1390 900 ἠῶ
1414 829 1516 900 τῆς
1539 826 1774 902 Λιβύης,
1803 853 1908 902 την
1935 831 1986 887 οἳ

310 959 321 968 .
390 912 622 990 νομάδες
664 917 913 991 νέμουσι,
960 914 1082 973 ἔστι
1127 912 1362 989 ταπεινή
1404 939 1467 974 τε
1520 914 1612 972 καὶ
1658 914 1984 991 ψαμμώδης,

386 1003 555 1080 μέχρι
592 1006 693 1061 τοῦ
732 1004 1004 1078 Τρίτωνος
1039 1006 1317 1078 ποταμοῦ·
1371 1001 1408 1077 ἦ
1443 1002 1501 1060 δὲ
1537 1000 1650 1060 οἷπο
1685 1000 1885 1060 τούτου
1921 1029 1986 1060 το

388 1089 529 1165 πρὸς
561 1090 816 1166 ἑσπέρης,
844 1089 881 1165 ἦ
914 1094 1023 1148 τῶν
1056 1089 1356 1166 ἀροτήρων,
1393 1087 1665 1165 ὀρεινή-τε
1691 1087 1868 1166 κάρτα
1894 1091 1984 1148 καὶ

390 1175 567 1235 δασέα
608 1177 701 1236 καὶ
732 1177 1021 1254 θηριώδης·
1066 1177 1160 1236 καὶ
1189 1177 1300 1258 γοὶρ
1329 1181 1383 1236 οἱ
1413 1176 1572 1252 ὄφιες
1599 1179 1652 1236 οἶ
1677 1175 1988 1257 ύπερμεγά-

390 1265 511 1327 θεες
536 1265 628 1322 καὶ
656 1267 709 1322 οἱ
735 1265 957 1328 λέοντες
984 1265 1125 1325 κατοὶ
1150 1265 1380 1329 τούτους
1407 1265 1533 1334 εἰσὶ,
1553 1264 1644 1323 καὶ
1673 1266 1727 1324 οἶ
1751 1265 1984 1339 ἐλέφαν-

386 1352 478 1414 τές
502 1377 565 1412 τε
592 1352 685 1410 καὶ
710 1350 919 1428 ἄρκτοι,
940 1353 1032 1411 καὶ
1048 1352 1281 1416 ἀσπίδες
1306 1379 1368 1413 τε
1395 1353 1487 1412 καὶ
1507 1352 1626 1412 ὄνοι
1653 1355 1705 1412 οἱ
1729 1352 1802 1412 τὰ
1827 1353 1988 1428 κέρεα

390 1440 627 1518 ἔχοντες·
671 1441 763 1498 καὶ
802 1443 855 1500 οἱ
889 1441 1280 1515 κυνοκέφαλοι,
1309 1441 1402 1500 καὶ
1439 1444 1492 1511 οἶ
1533 1439 1812 1515 ἀκέφαλοι
1845 1442 1898 1498 οἱ
1933 1443 1992 1499 ἐν

388 1532 539 1588 τοῖσι
572 1528 815 1604 στήθεσι
854 1528 983 1592 τοῦς
1024 1528 1360 1605 ὀφθαλμοῦς
1393 1531 1626 1609 ἔχοντες,
1659 1526 1758 1608 (ὥς
1791 1527 1858 1603 δὴ
1896 1528 1987 1586 λε’-

387 1617 587 1697 γονταί
622 1643 689 1699 γε
728 1615 838 1677 fier&
880 1616 1153 1697 Λιβύων,)
1197 1619 1290 1678 καὶ
1331 1621 1384 1678 οἱ
1425 1617 1609 1699 ἄγριοι
1656 1615 1862 1693 ἄνδρες,
1897 1617 1990 1674 καὶ

386 1710 639 1787 γυναῖκες
693 1705 898 1787 ἄγριαι,
954 1707 1047 1765 καὶ
1100 1706 1255 1765 ἄλλα
1314 1706 1521 1783 πλήθεϊ
1573 1705 1768 1764 πολλὰ
1823 1705 1988 1781 θηρία

388 1792 804 1872 ἀκατάψευστα.
864 1794 1029 1852 Κατοὶ
1053 1794 1184 1856 τοῦς
1211 1793 1480 1870 Νομάδας
1506 1794 1568 1851 δέ
1593 1799 1716 1852 ἐστι
1740 1792 1948 1852 τούτων
1971 1796 2084 1850 192

390 1882 563 1952 οὐδὲν,
612 1880 743 1939 ἀλλ’
784 1880 938 1938 ἄλλα
983 1879 1188 1939 τοιάδε·
1245 1881 1539 1960 πύγαργοι,
1579 1880 1672 1938 καὶ
1713 1881 1988 1956 ζορκάδες,

390 1970 483 2026 καὶ
522 1968 853 2044 βουβάλιες,
897 1968 988 2025 καὶ
1030 1965 1166 2036 ὄνοι,
1209 1966 1310 2026 οῦκ
1353 1970 1408 2026 οἱ
1448 1967 1520 2026 τοὶ
1565 1967 1724 2042 κέρεα
1772 1968 1991 2045 ἔχοντες

388 2055 545 2114 α’λλσῖ
581 2054 751 2114 ἄλλοι
790 2053 1006 2114 ἄποτοι·
1050 2053 1115 2114 οὗ
1148 2054 1257 2135 γσῖρ
1297 2053 1363 2130 δή
1401 2054 1646 2114 πίνουσι·
1690 2054 1783 2112 καὶ
1819 2053 1990 2131 ὄρυες,

387 2148 497 2203 τῶν
511 2142 582 2204 τά
613 2143 773 2220 κέρεα
797 2147 950 2202 τοῖσι
972 2143 1184 2218 φοίνιξι
1201 2146 1254 2203 οἱ
1268 2142 1474 2224 πήχεες
1489 2147 1790 2202 ποιεῦνται·
1820 2144 1990 2223 μέγα·

389 2232 486 2295 θος
513 2232 572 2291 δὲ
597 2230 664 2291 τὸ
692 2232 885 2309 θηρίον
908 2234 1077 2291 τοῦτο
1116 2231 1258 2291 κατοὶ
1282 2233 1430 2308 βοῦν
1457 2231 1599 2291 ἐστί·
1641 2231 1734 2289 καὶ
1760 2232 1989 2306 βασσά-

386 2345 497 2396 ρια,
535 2319 627 2378 καὶ
660 2317 859 2390 ὕαιναι,
898 2319 989 2378 καὶ
1024 2319 1302 2398 ὕστριχες,
1343 2319 1434 2378 καὶ
1475 2319 1619 2397 κριοὶ
1659 2317 1860 2398 ἄγριοι,
1900 2320 1994 2378 καὶ

388 2408 615 2478 δίκτυες,
644 2407 737 2467 καὶ
762 2409 916 2478 θῶες,
945 2407 1036 2466 καὶ
1061 2407 1356 2484 πάνθηρες,
1385 2407 1478 2466 καὶ
1503 2405 1724 2486 βόρυες,
1747 2407 1840 2465 καὶ
1867 2433 1992 2486 κρο-

391 2495 633 2556 κόδειλοι
673 2495 815 2556 ὅσον
845 2521 907 2556 τε
941 2495 1238 2575 τριπήχεες
1275 2499 1552 2575 χερσαῖοι,
1577 2499 1717 2575 τῇσι
1743 2495 1994 2574 σαύρῃσι

390 2585 819 2662 ἐμφερέστατοι·
873 2583 965 2642 καὶ
1012 2584 1281 2662 στρουθοὶ
1333 2582 1641 2666 κατάγαιοι,
1692 2585 1784 2642 καὶ
1836 2581 1995 2658 ὄφιες

389 2673 621 2750 σμικροὶ
659 2673 821 2749 κέρας
852 2673 911 2732 ἓν
939 2671 1176 2736 ἕκαστος
1207 2673 1446 2751 ἔχοντες.
1512 2671 1690 2732 ταῦτά
1713 2697 1777 2730 τε
1805 2671 1872 2746 δή
1899 2669 1996 2728 αὕ-

388 2759 513 2820 τόθι
550 2760 675 2819 ἐστὶ
707 2761 889 2836 θηρία,
921 2761 1013 2818 καὶ
1040 2760 1182 2838 ἅπερ
1209 2764 1282 2839 τῇ
1307 2759 1476 2840 ἄλλῃ,
1505 2759 1659 2835 πλὴν
1687 2757 1907 2835 ἐλάφου
1932 2781 1995 2817 τε

390 2848 482 2906 καὶ
518 2847 617 2912 ’ὖὸς
658 2846 873 2929 ἀγρίου·
918 2849 1130 2923 ἔλαφος
1166 2849 1226 2908 δὲ
1259 2849 1352 2908 καὶ
1383 2839 1448 2912 ὗς
1488 2847 1680 2928 ἄγριος
1711 2851 1769 2906 ἐν
1799 2844 1992 2922 Λιβύῃ

388 2935 625 3012 πάμπαν
653 2935 751 2995 οῦκ
779 2936 921 2995 ἔστι.
988 2939 1142 3012 μυῶν
1169 2936 1228 2995 δέ
1251 2937 1417 3017 γένεα
1441 2935 1601 3013 τριξοὶ
1628 2934 1823 2994 αὐτόθι
1851 2934 1994 2992 ἐστί·

390 3027 444 3084 οἱ
476 3027 581 3102 μὲν
616 3024 843 3086 δίποδες
878 3024 1190 3094 καλέονται,
1220 3027 1274 3084 οἱ
1301 3024 1360 3083 δὲ
1397 3024 1653 3104 ζεγέριες·
1697 3021 1787 3101 (τὸ
1815 3021 1874 3080 δὲ
1903 3019 1990 3079 οὔ·

389 3139 535 3191 νομα
565 3111 733 3173 τοῦτό
770 3117 893 3171 ἐστι
930 3113 1033 3188 μὲν
1059 3110 1332 3188 Λιβυκὸν,
1361 3110 1584 3172 δύναται
1611 3110 1670 3169 δὲ
1698 3108 1838 3168 κατοὶ
1862 3108 1994 3167 Ἕλ-

388 3201 535 3261 λάδα
572 3205 851 3282 γλῶσσαν
890 3201 1133 3281 βουνοί·)
1167 3203 1222 3260 οἱ
1253 3200 1314 3260 δὲ
1355 3200 1576 3280 ἐχινέες.
1660 3197 1770 3256 εἰσὶ
1803 3196 1864 3256 δὲ
1901 3197 1994 3255 καὶ

387 3293 567 3368 γαλαῖ
604 3295 663 3352 ἐν
700 3293 777 3368 τῷ
815 3289 1031 3368 σιλφίῳ
1073 3288 1376 3369 γινόμεναι,
1415 3291 1554 3366 τῇσι
1597 3286 1994 3364 Ταρτησσίῃσι
