2267 3517
374 132 661 183 151-1541
1018 131 1346 181 ΕΤΤΕΡΠΗ.
1884 130 1978 179 185

373 211 581 289 χρόνου
606 210 666 269 δὲ
693 207 758 271 ού
784 213 1008 270 πολλοῦ
1036 208 1370 280 διελθόντος,
1391 207 1666 290 ἀναγκαίη
1691 214 1978 290 κατέλαβε

367 297 561 361 Ἴωνάς
590 323 652 357 τε
690 297 783 358 καὶ
820 301 1017 374 Κᾶρας
1053 295 1256 377 ἄνδρας
1291 296 1432 356 κατὰ
1464 298 1632 373 ληίην
1657 296 1979 358 ἐκπλώσαν-

372 412 490 456 τας,
520 385 915 463 ἀπενειχθῆναι
941 390 996 448 ἐς
1029 384 1335 464 Αἴγυπτον·
1379 384 1654 461 ἐκβάντας
1685 384 1746 444 δὲ
1781 390 1838 449 ἐς
1870 388 1980 466 γῆν

376 475 469 533 καὶ
495 472 871 535 ὁπλισθέντας
894 474 1091 550 χαλκῷ
1116 470 1387 552 ἀγγέλλει
1415 476 1527 533 τῶν
1550 497 1635 535 τις
1660 474 1978 553 Αἰγυπτίων

374 565 431 626 ἐς
459 561 534 622 τοί
566 562 700 620 ἕλεα
738 558 1073 637 α’πικόμενος
1110 563 1190 638 τῷ
1215 561 1567 639 Ψαμμιτίχῳ,
1595 559 1692 642 (οἷς
1723 558 1824 620 ούκ
1852 559 1980 621 ἰδῶν

372 649 647 727 πρότερον
683 652 881 729 χαλκῷ
918 645 1121 724 ἄνδρας
1173 646 1592 728 ὁπλισθέντας,)
1635 648 1706 711 ὥς
1743 648 1978 728 χάλκεοι

374 736 566 814 ἄνδρες
632 735 930 817 α’πιγμένοι
986 735 1100 795 α’,πὸ
1163 734 1466 812 θαλάσσης
1515 740 1858 813 λεηλατεῦσι
1908 737 1978 799 τό

372 825 581 886 πεδίον·
623 824 657 886 ὅ
696 826 774 894 δὲ,
806 823 1001 902 μαθων
1038 823 1107 884 τὰ
1148 824 1494 902 χρηστήριον
1535 825 1972 902 ἐπιτελεύμενον,

374 914 525 989 φίλα
557 939 621 974 τε
650 917 805 973 τοῖσι
834 911 997 973 Ἴωσι
1038 913 1131 971 καὶ
1173 912 1368 989 Καρσὶ
1401 913 1648 973 ποιέεται
1673 913 1772 972 καί
1792 919 1978 989 σφεας

372 1001 597 1083 μεγάλα
631 999 1071 1079 ὑπισχνεύμενος
1094 999 1274 1060 πείθει
1309 999 1428 1076 μετ’
1455 1003 1656 1060 ἑωυτοῦ
1690 1000 1974 1082 γενέσθαι·

374 1087 446 1153 ὥς
471 1089 531 1149 δὲ
558 1090 763 1159 ἔπεισε,
790 1086 931 1148 οὕτω
956 1086 1075 1164 ἅμα
1108 1091 1263 1147 τοῖσι
1301 1086 1422 1163 μετ’
1451 1091 1652 1148 ἑωυτοῦ
1690 1088 1972 1165 βουλομέ·

374 1202 526 1237 νοισι
577 1176 939 1258 Αἰγυπτίοισι
990 1175 1083 1235 καὶ
1120 1178 1278 1236 τοῖσι
1317 1174 1664 1254 ἐπικούροισι
1701 1177 1976 1254 καταιρέει

373 1262 505 1327 τοῦς
528 1264 831 1339 βασιλέας.

457 1350 764 1429 Κρατήσας
808 1351 869 1411 δὲ
913 1349 1201 1433 Αἰγύπτου
1245 1348 1438 1427 πάσης
1457 1349 1516 1410 ,ὅ
1561 1349 1930 1429 Ψαμμίτιχος,
1952 1354 2026 1412 15
2033 1355 2080 1426 3ι

375 1439 609 1516 ἐποίησε
632 1443 711 1519 τῷ
732 1439 1033 1519 Ἡφαίστῳ
1052 1438 1380 1517 προπύλαια
1407 1444 1466 1499 ἐν
1491 1439 1714 1516 Μέμφι,
1735 1438 1808 1499 τοὶ
1835 1438 1976 1517 πρός

372 1526 535 1588 νότον
570 1526 773 1605 ἄνεμον
806 1528 1179 1606 τετραμμένα·
1220 1526 1400 1603 αὐλήν
1423 1552 1488 1587 τε
1521 1530 1600 1605 τῷ
1623 1524 1784 1598 Ἀπι,
1811 1532 1870 1587 ἐν
1899 1532 1974 1607 τῇ

370 1615 637 1692 τρέφεται
674 1614 843 1677 ἐπεοὶν
883 1619 1036 1693 φανῇ
1072 1614 1105 1675 ὁ
1133 1613 1323 1685 Ἀπις,
1357 1613 1695 1692 οἰκοδόμησε
1731 1616 1976 1675 ἐναντίον

370 1706 481 1765 τῶν
518 1703 898 1781 προπυλαίων,
930 1700 1125 1762 πᾶσάν
1159 1726 1224 1761 τε
1262 1701 1605 1779 περίστυλον
1641 1706 1846 1763 ἐοῦσαν
1880 1704 1974 1763 καὶ

342 1788 553 1851 ’τύπων
594 1791 795 1867 πλέην·
848 1789 973 1851 ἀντὶ
1014 1789 1074 1849 δὲ
1116 1788 1330 1861 κιόνων,
1371 1789 1654 1850 ύπεστᾶσι
1695 1790 1973 1852 κολοσσοὶ

372 1876 817 1957 δυωδεκαπήχεες
841 1882 914 1954 τῆ
934 1876 1105 1956 αὐλῇ·
1140 1876 1172 1937 ὅ
1200 1877 1261 1937 δὲ
1277 1876 1448 1940 Ἀπις
1473 1877 1614 1937 κατὰ
1639 1878 1744 1953 τὴν
1767 1877 1972 1955 Ἑλλή-

370 1991 477 2026 νων
506 1966 785 2048 γλῶσσάν
822 1970 947 2027 ἐστι
974 1964 1262 2041 Ἔπαφος.
1343 1969 1510 2025 Τοῖσι
1548 1965 1608 2024 δὲ
1638 1964 1821 2026 Ἴωσι·
1841 1967 1933 2025 καὶ
1953 1968 2066 2027 154

370 2056 523 2114 τοῖσι
576 2054 772 2131 Καρσὶ
823 2056 978 2113 τοῖσι
1032 2052 1688 2135 συγκατεργασαμένοισι
1740 2052 1888 2131 αὐτῷ
1939 2052 1973 2113 ὅ

372 2141 727 2218 Ψαμμίτιχος
756 2140 950 2201 δίδωσι
981 2140 1198 2220 χώρους
1231 2144 1516 2215 ἐνοικῆσαι
1548 2139 1766 2203 α’,ντίους
1795 2139 1973 2217 ἀλλή-

373 2230 503 2297 λων,
528 2231 631 2287 τοῦ
667 2228 885 2288 Νείλου
918 2227 983 2289 τό
1018 2230 1202 2307 μέσον
1237 2229 1476 2308 ἔχοντος,
1503 2231 1656 2287 τοῖσι
1691 2227 1972 2305 οὐνόματα

374 2316 536 2392 ἐτέθη
570 2314 949 2393 Στρατόπεδα·
990 2316 1221 2379 τούτους
1253 2340 1317 2375 τε
1351 2316 1421 2391 δή
1454 2321 1566 2391 σφι
1597 2314 1728 2379 τούς
1759 2315 1976 2395 χώρους

374 2402 566 2463 δίδωσι
596 2404 689 2463 καὶ
721 2400 912 2463 τᾶλλα
946 2402 1019 2464 τοὶ
1052 2403 1338 2483 ύπέσχετο
1367 2402 1552 2464 πάντα
1590 2402 1852 2487 ἀπέδωκε,
1882 2404 1974 2465 καὶ

373 2488 442 2565 δή
492 2492 585 2551 καὶ
630 2490 833 2553 παῖδας
878 2492 1176 2569 παρέβαλε
1221 2491 1444 2552 αὐτοῖσι
1489 2493 1826 2573 Αἰγυπτίους
1869 2491 1975 2568 τήν

372 2575 628 2639 Ἐλλάδα
672 2582 951 2659 γλῶσσαν
998 2578 1444 2641 ἐκδιδάσκεσθαι·
1497 2578 1610 2640 α’πὸ
1656 2580 1716 2639 δὲ
1766 2579 1974 2641 τούτων

374 2665 723 2742 ἐκμαθόντων
753 2668 858 2743 τήν
890 2669 1171 2747 γλῶσσαν
1205 2670 1260 2728 οἱ
1289 2671 1388 2728 νῦν
1430 2669 1686 2745 ἑρμηνέες
1717 2666 1972 2749 ἐνἈίγύ·

370 2777 491 2832 πτῳ
515 2752 807 2835 γεγόνασι.
874 2757 929 2814 οἳ
963 2754 1023 2814 δὲ
1051 2754 1239 2819 Ἴωνές
1257 2780 1322 2816 τε
1341 2756 1434 2815 καὶ
1459 2759 1513 2815 οἰ
1541 2759 1727 2833 Κᾶρες
1745 2755 1976 2820 τούτους

370 2840 501 2903 τούς
544 2840 760 2920 χώρους
800 2842 1039 2918 οἴκησαν
1078 2842 1287 2921 χρόνον
1328 2844 1421 2903 ἐπὶ
1461 2842 1703 2904 πολλόν·
1757 2845 1868 2905 εἰσὶ
1913 2843 1974 2903 δὲ

373 2924 526 2987 οὗτοι
557 2931 612 2987 οἰ
645 2932 820 3008 χῶροι
854 2929 997 3006 πρὸς
1034 2930 1351 3005 θαλάσσης,
1385 2930 1581 3012 ὀλίγον
1616 2931 1800 3008 ἔνερθε
1835 2937 1972 2991 Βου-

373 3013 617 3090 βάστιος
635 3016 851 3087 πόλιος,
870 3016 963 3076 ἐπὶ
979 3019 1055 3096 τῷ
1071 3018 1382 3096 Πηλουσίῳ
1397 3018 1713 3096 καλευμένῳ
1729 3017 1974 3093 στόματι.

372 3106 473 3161 τοῦ
494 3105 727 3163 Nestou·
765 3102 995 3168 τούτους
1018 3108 1123 3180 μὲν
1152 3104 1222 3180 δὴ
1240 3105 1424 3184 χρόνῳ
1443 3105 1678 3180 ὕστερον
1694 3104 1975 3179 βασιλεῦς

361 3187 616 3269 Ἀμασις
641 3191 1028 3267 ἐξαναστήσας
1052 3192 1301 3253 ἐνθεῦτεν
1327 3193 1607 3252 κατοίκισε
1633 3193 1688 3250 ἐς
1715 3185 1970 3266 Μέμφιν,

373 3279 641 3357 φυλακήν
660 3284 863 3341 ἑωυτοῦ
889 3277 1206 3357 ποιεύμενος
1227 3279 1364 3357 πρὸς
1383 3275 1706 3355 Αἰγυπτίων.
1765 3275 1974 3337 τούτων
