2267 3517
333 168 614 232 138-142]
1027 169 1253 219 mma.
1874 168 1936 220 71

328 272 429 311 τας
471 251 667 308 ταῦτα·
721 248 1007 324 ἐμφανέως
1045 248 1158 330 γὰρ
1202 249 1271 325 δὴ
1310 251 1579 331 ποιευ’“σι·)
1620 250 1935 327 κατακηρώ-

333 360 534 397 σαντες
565 334 634 411 δή
662 333 735 396 ὧν
758 335 860 396 vav
883 337 1042 397 νέκυν
1068 338 1296 414 Πέρσαι
1312 342 1390 418 γῇ
1418 337 1743 414 κρύπτουσι.
1812 337 1939 417 (μά-

330 450 426 505 γοι
461 424 522 482 δὲ
553 423 914 501 κεχωρίδαται
942 424 1165 486 πολλόν
1189 430 1300 485 τῶν
1325 452 1389 485 τε
1416 424 1609 486 ἄλλων
1640 426 1941 503 ἀνθρώπων

335 512 427 569 καὶ
464 515 575 572 τῶν
618 514 676 571 ἐν
716 511 978 593 Αἰγύπτῳ
1021 513 1196 591 ἱρέων·
1253 515 1307 573 οἳ
1344 516 1449 589 μὲν
1488 512 1599 593 γὰρ
1646 512 1943 595 ἁγνεύουσι
1982 556 1997 573 .

335 600 587 677 ἔμψυχον
616 600 791 676 μηδὲν
834 601 1062 660 κτείνειν
1099 604 1149 659 εἰ
1181 600 1262 677 μὴ
1299 600 1413 661 ὅσα
1440 601 1657 661 θύουσι·
1700 605 1753 662 οἱ
1778 602 1837 662 δὲ
1870 602 1939 679 δὴ

332 687 508 769 μάγοι
547 686 864 768 αὐτοχειρίῃ
904 686 1088 748 πάντα
1126 687 1283 763 πλην
1324 687 1482 752 κυνός
1521 715 1614 749 και
1649 688 1943 767 ἀνθρώπου

335 777 629 845 κτείνουσι,
659 777 752 834 καὶ
785 774 1080 857 ἀγώνισμα
1105 776 1255 858 μέγα
1279 780 1447 835 τοῦτο
1473 780 1772 848 ποιεῦνται,
1804 779 1942 838 κτεί-

333 888 519 925 νοντες
549 862 751 939 ὁμοίως
783 862 1078 941 μύρμηκάς
1113 888 1177 921 τε
1216 864 1307 922 καὶ
1342 861 1501 939 ὄφεις
1527 865 1619 923 καὶ
1644 864 1884 924 ‘rma‘
1860 890 1941 943 ερ-

333 951 478 1010 πετοὶ
519 951 612 1010 καὶ
654 950 922 1031 πετεινά.)
993 951 1084 1009 καὶ
1127 950 1279 1025 (ῗ···ῥὶ
1322 953 1425 1027 μὲν
1462 956 1539 1030 τῷ
1579 952 1729 1031 νόμῳ
1767 952 1942 1031 τούτῳ

337 1040 507 1117 ἐχέτω
534 1039 606 1101 ὥς
632 1040 724 1097 καὶ
751 1037 933 1117 ἀρχὴν
954 1039 1140 1116 ἐνομίυ
1156 1064 1244 1114 αη·
1288 1036 1471 1115 ἄνειμι
1496 1039 1555 1098 δὲ
1584 1040 1674 1098 ἐπὶ
1692 1039 1793 1100 τόν
1807 1039 1943 1118 πρό-

334 1152 496 1203 τερον
521 1126 716 1209 λόγον.

405 1212 594 1277 Ἴωνες
621 1215 679 1272 δὲ
705 1214 798 1274 καὶ
823 1214 1071 1283 Αἰολέες,
1099 1212 1174 1277 ὥς
1199 1215 1253 1272 οἶ
1277 1212 1451 1273 Λυδοὶ
1476 1212 1723 1292 τάχιστα
1749 1239 1903 1272 κατε·
1923 1215 2032 1273 141

338 1299 636 1377 στράφατο
671 1300 781 1360 ὖπό
816 1303 1100 1379 Περσέων,
1142 1302 1387 1379 ἔπεμπον
1422 1301 1695 1383 ἀγγέλους
1722 1306 1776 1364 ἐς
1802 1302 1945 1379 Σάρ-

339 1388 423 1451 δις
461 1388 615 1466 παρὰ
655 1391 863 1465 Κῦρον,
907 1390 1192 1453 ἐθέλοντες
1233 1391 1325 1449 ε’πὶ
1363 1393 1517 1450 τοῖσι
1554 1389 1775 1450 αὖτοῖσι
1808 1390 1946 1450 εἶναι

339 1479 493 1536 τοῖσι
515 1478 607 1536 καὶ
634 1477 866 1555 Κροίσῳ
885 1475 1036 1552 ἦσαν
1052 1477 1334 1553 κατήκοοι·
1362 1477 1394 1537 ὅ
1415 1478 1475 1537 δὲ
1502 1476 1746 1541 άκούσας
1767 1476 1946 1538 αὐτῶν

337 1565 412 1624 τοὶ
437 1566 796 1645 προΐσχοντο,
823 1565 980 1635 ἔλεξέ
1003 1572 1116 1641 σφι
1140 1565 1333 1647 λόγον,
1354 1563 1529 1644 ἄνδρα
1556 1565 1668 1642 φσῖς
1696 1565 1945 1642 αὐλητὴν

343 1653 528 1714 ἰδόντα
555 1656 713 1733 ἰχθῦς
740 1658 798 1714 ἐν
823 1657 896 1732 τῇ
923 1653 1196 1733 θαλάσσῃ
1218 1653 1453 1725 αὐλέειν,
1476 1653 1738 1714 δοκέοντά
1763 1660 1948 1729 σφεας

341 1741 740 1811 ἐξελεύσεσθαι
782 1746 836 1803 ἐς
869 1745 998 1821 γῆν·
1041 1740 1113 1805 οἷς
1147 1742 1207 1801 δὲ
1240 1742 1555 1819 ψευσθῆναι
1578 1745 1679 1817 τῆς
1706 1742 1945 1812 ἐλπίδος,

341 1831 548 1906 λαβεῖν
590 1829 1040 1906 ἀμφίβληστρον
1085 1855 1179 1887 και
1230 1831 1563 1905 περιβαλεῖν
1613 1854 1676 1888 τε
1727 1829 1948 1903 πλῆθος

342 1916 566 1975 πολλόν
600 1921 712 1976 τῶν
747 1915 952 1993 ἰχθύων
978 1916 1070 1973 καὶ
1108 1915 1404 1993 ἐξειρύσαι,
1435 1914 1620 1975 υδόντα
1648 1915 1708 1974 δὲ
1731 1919 1949 1975 παλλο-

345 2004 544 2078 μένους
584 2006 756 2062 εἰπεῖν
791 2000 902 2080 ἄρα
942 2002 1112 2062 αὐτὸν
1152 2003 1294 2079 πρὸς
1328 2029 1457 2067 τους
1485 2004 1660 2082 ἰχθῦς·
1701 2003 1953 2063 παύεσθέ

348 2115 447 2166 μοι
472 2088 812 2166 ὀρχεόμενοι,
843 2091 961 2148 ἐπεὶ
989 2088 1099 2149 οὐδ’
1129 2091 1261 2165 ε’μέο
1288 2090 1584 2154 αὐλέοντος
1610 2090 1892 2166 ηθέλετε’
1866 2116 1951 2149 εκ-

347 2176 568 2253 βαίνειν
615 2174 959 2254 ὀρχεόμενοι.
1029 2179 1218 2253 Κῦρος
1259 2180 1364 2253 μὲν
1403 2182 1601 2239 τοῦτον
1638 2178 1738 2238 τόν
1776 2176 1952 2259 λόγον

348 2267 504 2324 τοῖσι
533 2261 696 2323 Ἴωσι
737 2263 830 2321 καὶ
868 2267 1023 2323 τοῖσι
1063 2268 1337 2325 Αἰολεῦσι
1370 2266 1540 2325 τῶνδε
1574 2266 1755 2326 εἵνεκα
1781 2266 1951 2337 ἔλεξε,

349 2351 436 2411 ὅτι
464 2350 533 2426 δὴ
561 2354 615 2410 οἱ
631 2349 815 2415 Ἴωνες
839 2350 1126 2429 πρότερον,
1156 2351 1327 2413 αὐτοῦ
1354 2352 1546 2430 Κύρου
1574 2353 1859 2429 δεηθέντος
1884 2354 1953 2413 δι’

349 2439 606 2521 α’γγέλων
629 2438 989 2499 ἅπίστασθαί
1022 2446 1207 2517 σφεας
1246 2440 1361 2501 άπό
1386 2442 1658 2518 Κροίσου,
1687 2441 1787 2500 οὐκ
1813 2442 1954 2501 ἐπεί-

351 2528 536 2588 θοντο·
576 2527 706 2587 τότε
731 2527 792 2586 δὲ
817 2529 1281 2608 κατεργασμένων
1299 2534 1409 2589 τῶν
1428 2528 1785 2608 πρηγμάτων,
1806 2527 1957 2603 ἦσαν

351 2618 565 2692 ἑτοῖμοι
604 2616 902 2676 πείθεσθαι
943 2614 1132 2694 Κύρῳ.
1201 2615 1234 2676 ὅ
1274 2618 1377 2693 μὲν
1414 2615 1481 2689 δὴ
1518 2616 1661 2695 ὀργῇ
1696 2614 1958 2693 ἐχόμενος

351 2703 513 2782 ἔλεγέ
537 2708 650 2778 σφι
673 2702 823 2762 τάδε·
854 2702 1041 2765 Ἴωνες
1066 2703 1125 2762 δὲ
1154 2703 1225 2767 ὥς
1250 2702 1499 2778 ἥκουσαν
1524 2703 1733 2763 τούτων
1756 2703 1957 2763 ἀνενει-

351 2790 600 2867 χθέντων
643 2795 700 2853 ἐς
742 2790 844 2853 τοὶς
893 2789 1114 2861 πόλιας,
1158 2790 1350 2870 τείχεά
1398 2816 1460 2850 τε
1506 2791 1957 2867 περιεβάλλοντο

354 2877 583 2935 ἔκαστοι
608 2877 701 2935 καὶ
727 2877 1098 2958 συνελέγοντο
1126 2882 1182 2940 ἐς
1206 2876 1520 2937 Πανιώνιον
1537 2880 1590 2936 οἱ
1616 2876 1788 2937 ἄλλοι
1803 2878 1957 2953 πλὴν

354 2964 676 3038 Μιλησίων·
715 2963 856 3042 πρός
887 2964 1122 3041 μούνους
1152 2964 1263 3046 γὰρ
1294 2963 1523 3027 τούτους
1556 2964 1744 3041 ὅρκιον
1770 2970 1958 3042 Κῦρος

355 3050 678 3127 ἐποιήσατο,
708 3051 792 3110 ἐπ’
820 3051 943 3111 οἷσί
973 3077 1078 3129 περ
1113 3051 1146 3111 ὅ
1179 3051 1379 3115 Λυδός·
1418 3055 1575 3111 τοῖσι
1605 3052 1665 3109 δὲ
1701 3055 1959 3110 λοιποῖσι

345 3135 506 3197 Ἴωσι
545 3139 698 3209 ἔδοξε
737 3144 898 3216 κοινῷ
923 3138 1076 3218 λόγῳ
1116 3140 1357 3216 πέμπειν
1388 3138 1664 3219 οἷγγέλους
1690 3142 1744 3199 ἐς
1770 3136 1959 3213 Σπάρ-

351 3249 472 3301 την,
499 3226 870 3301 δεησομένους
882 3224 1046 3283 Ἴωσι
1069 3226 1373 3305 τιμωρέειν.

437 3314 513 3371 Οἱ
544 3313 606 3370 δὲ
632 3312 820 3371 Ἴωνες
855 3308 1026 3379 οὗτοι,
1057 3316 1170 3369 τῶν
1200 3312 1293 3369 καὶ
1322 3311 1389 3369 τό
1430 3307 1739 3369 Πανιώνιόν
1772 3313 1915 3379 ἐστι,
1938 3310 2051 3368 142

2010 3461 2061 3487 Δ-
