2267 3517
704 426 1412 503 ‘HPOAOTOY

497 576 1018 651 ἸΣΤΟΡΙΩΝ
1090 580 1608 651 ΔΕΥΤΕΡΗ.

953 753 1155 782 ...φ-

243 966 276 1027 l
375 968 824 1047 Τελευτήσαντος
879 970 940 1029 δὲ
988 971 1181 1049 Κύρου
1227 970 1526 1049 παρέλαβε
1573 966 1680 1046 τὴν
1727 968 1899 1046 βασιυ

292 1057 460 1133 ληίην
492 1058 834 1136 Καμβύσης,
862 1058 1053 1136 Κύρου
1080 1059 1182 1120 ε’ὢν
1207 1064 1339 1123 παῖς
1367 1060 1458 1118 καὶ
1483 1054 1901 1133 Κασσανδάνης

289 1149 392 1219 τῆς
441 1145 787 1223 Φαρνάσπεω
854 1146 1143 1228 θυγατρός·
1218 1150 1320 1222 τῆς
1369 1142 1896 1224 προαποθανούσης,

293 1237 481 1310 Κῦρος
525 1232 691 1297 αύτός
726 1259 791 1293 τε
828 1234 979 1315 μέγα
1012 1233 1218 1297 πένθος
1254 1234 1562 1310 ἐποιήσατο
1609 1232 1701 1292 καὶ
1745 1236 1899 1291 τοῖσι

290 1318 527 1379 ἄλλοισι
565 1322 800 1398 προεῖπε
834 1325 981 1381 πᾶσι
1012 1326 1123 1381 τῶν
1164 1322 1306 1401 ἦρχε
1347 1322 1550 1384 πένθος
1585 1320 1894 1380 ποιέεσθαι·

288 1405 494 1481 ταύτης
513 1407 574 1466 δὲ
602 1412 705 1483 τῆς
739 1406 999 1489 γυναικὸς
1027 1408 1128 1469 ε’ὢν
1153 1414 1287 1473 παῖς
1313 1409 1405 1468 καὶ
1432 1408 1624 1487 Κύρου
1653 1406 1896 1485 Καμβύ-

292 1519 415 1570 σης,
445 1492 642 1558 Ἴωνας
675 1496 779 1570 μὲν
812 1495 904 1553 καὶ
935 1496 1178 1561 Αἰολέας
1211 1496 1284 1560 ὥς
1316 1496 1549 1560 δούλους
1588 1496 1897 1574 πατρωίους

290 1580 479 1645 ε’όντας
506 1580 734 1659 ἐνόμιζε,
763 1582 857 1641 ἐπὶ
892 1582 952 1643 δὲ
984 1584 1273 1665 Αἴγυπτον
1307 1586 1551 1644 ἐποιέετο
1578 1588 1894 1661 στρατηλα-

290 1670 438 1745 σίην,
454 1668 697 1734 ..ἄλλους
735 1696 799 1730 τε
834 1672 1189 1748 παραλαβών
1229 1675 1342 1733 τῶν
1381 1671 1525 1752 ἦρχε
1567 1673 1660 1731 καὶ
1692 1672 1760 1750 δὴ
1803 1672 1896 1733 καὶ

300 1755 574 1833 Ελλήνων
596 1761 707 1818 τῶν
732 1757 1041 1835 ἐπεκράτεε.

233 1846 271 1901 2
372 1848 445 1905 Οἳ
484 1845 545 1905 δὲ
580 1845 892 1927 Αἰγύπτιοι,
929 1848 1061 1926 πρὶν
1091 1849 1196 1925 μὲν
1233 1845 1272 1925 ἢ
1311 1848 1669 1927 Ψαμμίτιχον
1702 1850 1896 1926 σφέων

286 1934 653 2011 βασιλεῦσαι,
676 1932 927 2012 ἐνόμιζον
946 1935 1176 2000 ἓωυτοῦς
1193 1935 1445 2014 πρώτους
1468 1937 1735 2018 γενέσθαι
1758 1936 1894 1997 ποίν-

286 2047 396 2083 των
427 2022 743 2102 ἀνθρώπων·
803 2022 989 2101 ἐπειδὴ
1044 2024 1105 2084 δὲ
1143 2024 1498 2104 Ψαμμίτιχος
1535 2023 1896 2102 βασιλεύσας

286 2108 538 2189 ἠθέλησε
584 2112 780 2172 εἰδέναι
822 2113 1020 2177 οἵτινες
1058 2113 1315 2194 γενοίατο
1350 2116 1577 2190 πρῶτοι,
1619 2112 1732 2174 ‹in-6
1766 2112 1892 2175 τού-

286 2223 387 2257 του
426 2201 717 2277 νομίζουσι
756 2200 978 2281 Φρύγας
1018 2202 1323 2277 προτέρους
1361 2200 1626 2281 γενέσθαι
1667 2204 1892 2272 ἑωυτῶν,

286 2287 396 2344 τῶν
421 2286 480 2344 δὲ
506 2285 698 2346 ἄλλων
723 2287 967 2350 ἑωυτούς·
1018 2288 1518 2369 Ψαμμίτιχος,γᾶρ
1545 2287 1619 2351 ὥς
1649 2286 1750 2347 ούκ
1778 2287 1892 2348 ε’δύ-

288 2396 423 2431 νατο
467 2373 878 2450 πυνθανόμενος
916 2372 1093 2452 πόρον
1134 2374 1332 2436 οὐδένα
1375 2374 1575 2436 τούτου
1627 2374 1892 2454 ἀνευρεῖν,

288 2458 344 2519 οἲ
371 2462 627 2540 γενοίατο
666 2465 878 2537 πρῶτοι
918 2460 1237 2538 ἀνθρώπων,
1274 2466 1628 2542 ἐπιτεχνᾶται
1657 2463 1891 2525 τοιόνδε·

287 2547 483 2607 παιδία
508 2547 606 2607 δύο
638 2548 837 2631 νεογνοῖ
868 2548 1172 2629 οἷνθρῶπων
1200 2553 1312 2611 τῶν
1348 2550 1716 2629 ἐπιτυχόντων
1751 2552 1894 2613 διδοῖ

286 2636 511 2712 ποιμένι
534 2637 761 2714 τρέφειν
793 2642 848 2701 ἐς
886 2636 959 2697 τοὶ
994 2639 1228 2715 ποίμνια
1263 2636 1484 2716 τροφήν
1507 2664 1633 2699 τινα
1655 2640 1891 2717 τοιήνδε,

288 2722 667 2802 ἐντειλάμενος
705 2725 917 2802 μηδένα
956 2724 1145 2786 α’ντίον
1177 2725 1357 2787 αὐτῶν
1385 2726 1660 2803 μηδεμίαν
1700 2728 1893 2805 φωνήν

290 2811 428 2872 ἴέναι
469 2818 527 2872 ἐν
566 2814 742 2893 στέγῃ
785 2813 845 2873 δὲ
881 2813 1060 2893 ἐρήμῃ
1089 2812 1183 2886 ἐπ’
1217 2816 1430 2875 ἑωυτῶν
1469 2815 1698 2875 κέεσθαι
1733 2815 1890 2887 αὐτὰ,

288 2900 381 2959 καὶ
420 2900 525 2976 τήν
572 2900 716 2977 ὥρην
758 2902 1064 2984 ἐπαγινέειν
1103 2908 1219 2979 σφι
1260 2903 1439 2984 αἶγας,
1487 2901 1791 2979 πλήσαντα
1831 2904 1891 2963 δὲ

285 2992 387 3047 τοῦ
441 2987 725 3069 γάλακτος
789 2988 981 3048 τᾶλλα
1046 2988 1521 3068 διαπρήσσεσθαι·
1614 2993 1792 3051 ταῦτα
1843 2988 1892 3050 δ’

288 3078 471 3138 ἐποίεέ
492 3104 554 3138 τε
580 3077 673 3137 καὶ
698 3078 1017 3137 ἐνετέλλετο
1053 3077 1085 3137 ὁ
1112 3083 1483 3158 Ψαμμίτιχος,
1518 3079 1696 3139 θέλων
1727 3078 1890 3139 εἰκοῦ-

289 3189 391 3225 σαι
423 3171 534 3229 τῶν
564 3167 811 3237 παιδίων,
845 3164 1325 3245 ἀπαλλαχθέντων
1352 3171 1463 3227 τῶν
1502 3165 1735 3242 οἷο-ήμων
1767 3190 1887 3224 κνυ-

286 3251 557 3329 ζημάτων,
592 3253 785 3331 ἥντινα
817 3252 1009 3331 φωνὴν
1044 3252 1282 3330 ῥήξουσι
1310 3252 1556 3332 πρώτην·
1609 3250 1785 3328 τάπερ
1811 3249 1888 3310 ὦν
