2267 3517
343 140 562 205 91—93]
1032 142 1258 191 mm.
1880 138 1944 191 4⁷

341 223 540 299 γειλαν
576 225 656 298 τῷ
695 222 944 300 Κροίσῳ·
985 248 1020 281 ο
1061 220 1122 279 δὲ
1161 219 1423 289 οἰκούσας,
1456 219 1705 299 συνέγνω
1746 221 1948 278 ἑωυτοῦ

345 307 483 367 εἶναι
509 306 614 384 τὴν
646 306 939 385 ἁμαρτάδα
975 308 1068 367 καὶ
1099 306 1165 367 οὐ
1200 311 1301 368 τοῦ
1338 308 1487 367 θεοῦ.
1572 306 1713 365 κατὰ
1748 306 1850 382 μὲν
1876 286 1945 383 δὴ

341 395 445 470 τήν
499 396 756 472 Κροίσου
806 420 869 456 τε
928 394 1110 475 ἀρχὴν
1166 396 1259 454 καὶ
1308 393 1517 470 Ἰωνίης
1568 392 1673 469 τήν
1723 392 1946 470 πρώτην

343 482 747 560 καταστροφήν
772 484 908 561 ἔσχε
935 482 1096 542 οὕτω.
1121 530 1132 539 .
1166 483 1402 561 Κροίσῳ
1429 480 1489 541 δὲ
1520 482 1642 541 ἔστι
1674 482 1767 539 καὶ
1792 478 1945 539 ἄλλα
1962 482 2038 539 92

342 567 670 647 ἀναθήματα
696 576 754 631 ἐν
778 574 852 649 τῇ
874 569 1113 630 Ἑλλάδι
1140 569 1351 640 πολλὰ,
1374 569 1467 628 καὶ
1494 568 1559 628 οὐ
1583 567 1657 628 τά
1686 568 1944 646 εῖρημένα

341 662 538 733 μοῦνα.
621 663 681 718 ἐν
713 659 819 734 μὲν
845 658 956 740 γοὶρ
984 657 1223 736 Θήβῃσι
1256 663 1395 737 τῇσι
1432 660 1689 717 Βοιωτῶν
1716 657 1945 733 τρίπους

339 745 595 824 χρύσεος,
622 746 722 806 τὸν
749 746 980 822 ἀνέθηκε
1009 750 1088 825 τῷ
1111 744 1434 806 Ἀπόλλωνι
1458 748 1535 824 τῷ
1560 744 1843 823 Ἰσμηνίῳ·
1884 748 1944 803 ἐν

340 833 399 892 δὲ
424 832 668 913 Ἐφέσῳ,
697 834 762 892 αἶ
787 859 851 894 τε
872 832 1012 910 βόες
1043 835 1103 892 αἶ
1127 832 1365 912 χρύσεαι
1398 832 1491 892 καὶ
1522 835 1631 892 τῶν
1665 832 1859 892 κιόνων
1884 832 1943 891 αἶ

337 922 572 981 πολλαί·
605 927 665 982 ἐν
689 923 750 983 δὲ
775 922 1059 1000 Προνηΐης
1083 926 1185 996 τῆς
1212 926 1271 981 ἓν
1298 923 1588 996 Δελφοῖσι
1614 917 1787 983 οἷσπὶς
1810 945 1943 998 χρυ-

339 1009 446 1084 σέη
471 1010 712 1091 μεγάλη.
773 1014 952 1071 ταῦτα
975 1011 1080 1085 μὲν
1106 1009 1199 1068 καὶ
1227 1010 1306 1069 ἔτι
1332 1014 1388 1072 ἐς
1414 1010 1511 1085 ἐμὲ
1536 1007 1607 1083 ἦν
1630 1006 1939 1084 περιεόντα·

336 1095 409 1154 τὰ
435 1096 481 1155 δ’
498 1097 823 1167 ἐξαπόλωλε
847 1097 920 1158 τὰ
944 1100 1056 1158 τῶν
1075 1094 1463 1173 ἀναθημάτων.
1515 1094 1588 1154 τὰ
1613 1093 1740 1154 δ”ἐν
1760 1100 1943 1175 Βραγ-

336 1183 534 1260 χίδῃσι
540 1188 678 1263 τῇσι
691 1187 992 1261 Μιλησίων
1006 1184 1337 1262 ἀναθήματα
1354 1182 1601 1260 Κροίσῳ,
1609 1180 1680 1245 ὦς
1692 1179 1799 1262 ε’γῶ
1810 1206 1941 1240 πυν-

340 1269 594 1346 θάνομαι,
610 1272 712 1330 ἴσα
731 1296 793 1330 τε
809 1272 1064 1349 σταθμόν
1079 1273 1173 1331 καὶ
1192 1271 1362 1348 ὁμοῖα
1374 1274 1530 1330 τοῖσι
1550 1275 1607 1330 ἐν
1629 1272 1935 1344 Δελφοῖσι.

337 1355 411 1415 τοὶ
433 1358 539 1433 μέν
563 1359 739 1422 νυν,ἔς
762 1384 825 1418 τε
851 1359 1117 1436 Δελφούς
1142 1360 1235 1419 καὶ
1260 1364 1316 1422 ἐς
1340 1362 1441 1419 τοῦ
1466 1356 1791 1435 Ἀμφιάρεω
1818 1355 1937 1415 ἀνέ-

340 1445 476 1520 θηκε
489 1445 670 1521 οἷκήῖά
683 1471 746 1507 τε
761 1445 936 1517 ἐόντα,
946 1448 1036 1506 καὶ
1045 1451 1157 1509 τῶν
1170 1445 1435 1526 πατρῴων
1444 1445 1745 1526 χρημάτων
1756 1443 1931 1521 ἀπαμ-

334 1530 465 1611 χήν·
489 1532 562 1594 ταῖ
581 1534 641 1593 δὲ
660 1532 814 1595 ἄλλα
840 1534 1171 1612 ἀναθήματα
1198 1537 1260 1606 ἐξ
1282 1534 1478 1613 οἷνδρός
1498 1535 1717 1616 ἐγένετο
1738 1531 1932 1608 οὐσίης

337 1620 556 1699 ε’χθροΰ,
599 1622 662 1687 ὅς
707 1626 777 1695 οἶ,
817 1624 950 1701 πρὶν
995 1622 1034 1700 ἢ
1076 1625 1449 1700 βασιλεῦσαι,
1496 1618 1937 1695 ἀντιστασιώτης

335 1708 684 1785 κατεστήκεε,
729 1710 1059 1773 συσπεύδων
1101 1712 1487 1773 Πανταλέοντι
1530 1708 1797 1792 γενέσθαι
1834 1706 1939 1782 τὴν

333 1796 527 1857 Λυδῶν
559 1798 758 1877 ἀρχήν.
841 1797 873 1859 ὁ
911 1800 970 1859 δὲ
1011 1800 1353 1859 Πανταλέων
1382 1798 1454 1875 ἦν
1482 1796 1799 1859 Ἀλυάττεω
1834 1798 1937 1871 μὲν

331 1886 477 1954 παῖς,
500 1887 756 1964 Κροίσου
775 1887 836 1946 δὲ
862 1886 1140 1963 οἷδελφεὸς
1166 1886 1265 1947 οὐκ
1292 1885 1651 1964 ὁμομήτριος·
1684 1886 1936 1961 Κροῖσος

327 1974 432 2047 μὲν
461 1972 572 2053 γοῖρ
606 1979 670 2033 ἐκ
702 1975 947 2051 Καείρης
984 1974 1056 2050 ἦν
1086 1973 1350 2055 γυναικὸς
1380 1972 1679 2051 Ἀλυάττῃ,
1708 1977 1929 2031 Παντα-

330 2060 475 2119 λέων
504 2060 564 2118 δὲ
601 2061 664 2130 ἐξ
698 2060 896 2123 Ἰάδος.
979 2062 1102 2121 ε’πεί
1125 2086 1190 2119 τε
1229 2060 1306 2130 δὲ,
1338 2059 1528 2123 δόντος
1561 2063 1663 2117 τοῦ
1702 2057 1930 2133 πατρός,

330 2144 604 2223 ἐκράτησε
641 2148 744 2221 τῆς
783 2144 960 2224 ἀρχῆς
997 2146 1032 2205 ὅ
1073 2150 1341 2223 Κροῖσος,
1372 2146 1472 2206 τόν
1506 2144 1796 2222 &vepna-:mv
1832 2142 1933 2204 τόν

329 2231 788 2308 ἀντιπρήσσοντα
820 2235 912 2292 ε’πὶ
947 2234 1165 2310 κνάφου
1199 2234 1375 2293 ἕλκων
1410 2233 1702 2311 διέφθειρε,
1735 2231 1841 2308 τήν
1870 2231 1931 2292 δὲ

331 2318 528 2395 οὐσίην
555 2318 726 2380 αὐτοῦ
753 2321 832 2381 ἔτι
855 2321 1128 2400 πρότερον
1154 2320 1480 2399 κατιρώσας,
1499 2320 1629 2381 τότε
1650 2319 1835 2399 τρόπῳ
1853 2323 1932 2399 τῷ

331 2408 594 2488 εἰρημένῳ
620 2408 852 2486 ἀνέθηκε
883 2415 940 2475 ἔς
968 2410 1042 2471 τά
1073 2411 1302 2489 εἴρηται.
1385 2410 1478 2469 καὶ
1509 2410 1637 2489 περὶ
1666 2410 1773 2487 μὲν
1797 2406 1926 2469 α’,να-

331 2493 591 2572 θημάτων
613 2503 866 2558 τοσαῦτα
891 2497 1152 2577 εἰρήσθω.

409 2581 685 2660 Θῶυματα
711 2586 770 2645 δὲ
787 2612 864 2667 γη
838 2586 1111 2663 Αυδίη’
1084 2612 1142 2651 ες
1159 2586 1503 2668 συγγραφην
1522 2585 1587 2647 οὐ
1612 2585 1821 2663 μάλα*
1791 2608 1922 2663 εχει,
1943 2583 2019 2642 93

329 2666 421 2729 οἶά
457 2696 521 2731 τε
558 2673 651 2732 καὶ
691 2673 844 2749 αλλη
882 2674 1056 2754 χώρη,
1086 2676 1268 2753 παρὲξ
1302 2678 1405 2735 τοῦ
1444 2680 1507 2733 ἐκ
1545 2678 1647 2735 τοῦ
1685 2672 1926 2750 Τμωλου

330 2761 779 2837 καταφερομένου
809 2761 1122 2842 ψήγματος.
1206 2788 1265 2822 εν
1295 2762 1417 2821 δὲ’
1386 2788 1551 2843 εργον
1574 2760 1798 2821 πολλὸν
1827 2759 1925 2837 μέ-

326 2868 526 2923 γιστον
569 2848 887 2926 παρέχεται,
926 2850 1096 2927 χωρὶς
1140 2853 1250 2909 τῶν
1287 2875 1351 2909 τε
1390 2850 1707 2929 Αἰγυπτίων
1753 2850 1923 2928 ἔργων

326 2932 420 2991 καὶ
457 2936 568 2995 τῶν
607 2936 1000 3011 Βαβυλωνίων.
1081 2938 1207 2997 ἔστι
1238 2936 1431 2997 αὐτόθι
1469 2935 1785 2995 Αλυάττεω
1821 2936 1925 2994 τοῦ

325 3020 581 3096 Κροίσου
605 3046 818 3099 πατρος
848 3028 1025 3101 σῆμα,
1051 3028 1155 3084 τοῦ
1178 3023 1218 3100 ἦ
1245 3024 1443 3103 κρηπὶς
1468 3025 1572 3100 μέν
1598 3028 1723 3084 ἐστι
1751 3021 1924 3080 λίθων

321 3107 584 3188 μεγάλων
607 3134 674 3169 το
701 3108 760 3169 δὲ
785 3108 933 3170 αλλο
959 3116 1121 3187 σῆμα
1145 3116 1312 3192 χῶμα
1336 3116 1460 3192 γῆς.
1529 3108 1923 3213 ἐξειργάσαπο

321 3194 386 3255 δε
406 3221 506 3273 μιν
532 3199 586 3257 οἶ
616 3196 872 3279 ἀγοραῖοι
899 3196 1197 3275 ἅνθρωποι,
1226 3199 1319 3258 καὶ
1346 3202 1400 3257 οἱ
1424 3195 1797 3294 χειρωνακτες,
1826 3188 1920 3247 καὶ

319 3285 380 3343 αἱ
413 3284 834 3367 ενεργαζόμεναι
872 3285 1185 3346 παιδίσκαι·
1228 3284 1383 3359 ουροι
1414 3283 1489 3350 δὲ,
1520 3280 1685 3337 πέντε
1716 3274 1914 3343 ἐόντες,
