<?xml version="1.0" encoding="UTF-8"?>
<!DOCTYPE html PUBLIC "-//W3C//DTD XHTML 1.0 Transitional//EN"
    "http://www.w3.org/TR/xhtml1/DTD/xhtml1-transitional.dtd">
<html xmlns="http://www.w3.org/1999/xhtml" xml:lang="en" lang="en">
 <head>
  <title>
</title>
<meta http-equiv="Content-Type" content="text/html;charset=utf-8" />
  <meta name='ocr-system' content='tesseract 3.04.00' />
  <meta name='ocr-capabilities' content='ocr_page ocr_carea ocr_par ocr_line ocrx_word'/>
</head>
<body>
  <div class='ocr_page' id='page_1' title='image "./herodotus05blakgoog_0337.png"; bbox 0 0 2267 3517; ppageno 0'>
   <div class='ocr_carea' id='block_1_1' title="bbox 344 114 2050 3342">
    <p class='ocr_par' dir='ltr' id='par_1_1' title="bbox 347 114 2050 2619">
     <span class='ocr_line' id='line_1_1' title="bbox 356 114 1960 180; baseline 0.003 -14"><span class='ocrx_word' id='word_1_1' title='bbox 356 114 639 180; x_wconf 79' lang='lat'>117-120]</span> <span class='ocrx_word' id='word_1_2' title='bbox 937 117 1393 166; x_wconf 69' lang='grc' dir='ltr'><strong>ΜΕΛΠΟΜΕΝΗ.</strong></span> <span class='ocrx_word' id='word_1_3' title='bbox 1863 121 1960 172; x_wconf 75' lang='lat'>327</span> 
     </span>
     <span class='ocr_line' id='line_1_2' title="bbox 350 191 1959 275; baseline 0.002 -21"><span class='ocrx_word' id='word_1_4' title='bbox 350 198 499 275; x_wconf 83' lang='grc' dir='ltr'>χρῆν</span> <span class='ocrx_word' id='word_1_5' title='bbox 540 192 711 255; x_wconf 68' lang='grc' dir='ltr'>αὐτόν</span> <span class='ocrx_word' id='word_1_6' title='bbox 749 191 971 255; x_wconf 84' lang='grc' dir='ltr'>πάντων</span> <span class='ocrx_word' id='word_1_7' title='bbox 1008 198 1121 255; x_wconf 79' lang='grc' dir='ltr'>τῶν</span> <span class='ocrx_word' id='word_1_8' title='bbox 1168 193 1361 254; x_wconf 79' lang='grc' dir='ltr'>ἄλλων</span> <span class='ocrx_word' id='word_1_9' title='bbox 1402 194 1771 273; x_wconf 75' lang='grc' dir='ltr'>ἀπεχόμενον,</span> <span class='ocrx_word' id='word_1_10' title='bbox 1816 196 1959 266; x_wconf 77' lang='grc' dir='ltr'>οὕτω</span> 
     </span>
     <span class='ocr_line' id='line_1_3' title="bbox 354 279 1962 359; baseline 0.001 -17"><span class='ocrx_word' id='word_1_11' title='bbox 354 283 492 342; x_wconf 81' lang='grc' dir='ltr'>ἰέναι</span> <span class='ocrx_word' id='word_1_12' title='bbox 525 282 617 340; x_wconf 86' lang='grc' dir='ltr'>ἐπὶ</span> <span class='ocrx_word' id='word_1_13' title='bbox 650 279 757 357; x_wconf 89' lang='grc' dir='ltr'>τὴν</span> <span class='ocrx_word' id='word_1_14' title='bbox 792 279 1085 359; x_wconf 79' lang='grc' dir='ltr'>ἡμετέρην·</span> <span class='ocrx_word' id='word_1_15' title='bbox 1128 281 1220 341; x_wconf 85' lang='grc' dir='ltr'>καὶ</span> <span class='ocrx_word' id='word_1_16' title='bbox 1257 279 1326 340; x_wconf 79' lang='grc' dir='ltr'>ἂν</span> <span class='ocrx_word' id='word_1_17' title='bbox 1352 280 1556 357; x_wconf 81' lang='grc' dir='ltr'>ἐδήλου</span> <span class='ocrx_word' id='word_1_18' title='bbox 1580 286 1743 353; x_wconf 80' lang='grc' dir='ltr'>πᾶσι,</span> <span class='ocrx_word' id='word_1_19' title='bbox 1773 282 1843 347; x_wconf 77' lang='grc' dir='ltr'>ὥς</span> <span class='ocrx_word' id='word_1_20' title='bbox 1870 285 1962 349; x_wconf 86' lang='grc' dir='ltr'>ἐπὶ</span> 
     </span>
     <span class='ocr_line' id='line_1_4' title="bbox 355 367 1957 434; baseline 0.002 -5"><span class='ocrx_word' id='word_1_21' title='bbox 355 369 573 434; x_wconf 80' lang='grc' dir='ltr'>Σκύθας</span> <span class='ocrx_word' id='word_1_22' title='bbox 614 368 831 429; x_wconf 79' lang='grc' dir='ltr'>ἐλαύνει</span> <span class='ocrx_word' id='word_1_23' title='bbox 872 371 963 428; x_wconf 84' lang='grc' dir='ltr'>καὶ</span> <span class='ocrx_word' id='word_1_24' title='bbox 1005 395 1107 428; x_wconf 90' lang='grc' dir='ltr'>ουκ</span> <span class='ocrx_word' id='word_1_25' title='bbox 1153 369 1244 428; x_wconf 85' lang='grc' dir='ltr'>ἐπὶ</span> <span class='ocrx_word' id='word_1_26' title='bbox 1285 395 1415 432; x_wconf 90' lang='grc' dir='ltr'>τους</span> <span class='ocrx_word' id='word_1_27' title='bbox 1461 367 1692 432; x_wconf 76' lang='grc' dir='ltr'>ἄλλους.</span> <span class='ocrx_word' id='word_1_28' title='bbox 1760 374 1856 431; x_wconf 78' lang='grc' dir='ltr'>νῦν</span> <span class='ocrx_word' id='word_1_29' title='bbox 1896 373 1957 432; x_wconf 78' lang='grc' dir='ltr'>δὲ</span> 
     </span>
     <span class='ocr_line' id='line_1_5' title="bbox 352 455 1961 537; baseline 0.002 -21"><span class='ocrx_word' id='word_1_30' title='bbox 352 459 478 518; x_wconf 88' lang='grc' dir='ltr'>ἐπεί</span> <span class='ocrx_word' id='word_1_31' title='bbox 510 483 574 517; x_wconf 91' lang='grc' dir='ltr'>τε</span> <span class='ocrx_word' id='word_1_32' title='bbox 613 456 858 537; x_wconf 85' lang='grc' dir='ltr'>τάχιστα</span> <span class='ocrx_word' id='word_1_33' title='bbox 896 457 1060 533; x_wconf 84' lang='grc' dir='ltr'>διέβη</span> <span class='ocrx_word' id='word_1_34' title='bbox 1086 455 1252 533; x_wconf 82' lang='grc' dir='ltr'>τήνδε</span> <span class='ocrx_word' id='word_1_35' title='bbox 1281 455 1385 532; x_wconf 84' lang='grc' dir='ltr'>τὴν</span> <span class='ocrx_word' id='word_1_36' title='bbox 1422 455 1672 534; x_wconf 84' lang='grc' dir='ltr'>ἤπειρον,</span> <span class='ocrx_word' id='word_1_37' title='bbox 1698 458 1827 523; x_wconf 83' lang='grc' dir='ltr'>τοὺς</span> <span class='ocrx_word' id='word_1_38' title='bbox 1853 461 1961 519; x_wconf 82' lang='grc' dir='ltr'>αἰεὶ</span> 
     </span>
     <span class='ocr_line' id='line_1_6' title="bbox 351 543 1960 626; baseline 0.001 -22"><span class='ocrx_word' id='word_1_39' title='bbox 351 543 608 622; x_wconf 89' lang='grc' dir='ltr'>ἐμποδων</span> <span class='ocrx_word' id='word_1_40' title='bbox 647 545 971 626; x_wconf 80' lang='grc' dir='ltr'>γινομένους</span> <span class='ocrx_word' id='word_1_41' title='bbox 1010 544 1318 623; x_wconf 80' lang='grc' dir='ltr'>ἡμεροῦται</span> <span class='ocrx_word' id='word_1_42' title='bbox 1353 544 1584 607; x_wconf 78' lang='grc' dir='ltr'>πάντας·</span> <span class='ocrx_word' id='word_1_43' title='bbox 1625 545 1754 608; x_wconf 88' lang='grc' dir='ltr'>τούς</span> <span class='ocrx_word' id='word_1_44' title='bbox 1793 571 1856 606; x_wconf 90' lang='grc' dir='ltr'>τε</span> <span class='ocrx_word' id='word_1_45' title='bbox 1891 547 1960 624; x_wconf 74' lang='grc' dir='ltr'>δὴ</span> 
     </span>
     <span class='ocr_line' id='line_1_7' title="bbox 350 631 1963 712; baseline 0.002 -20"><span class='ocrx_word' id='word_1_46' title='bbox 350 631 563 696; x_wconf 76' lang='grc' dir='ltr'>ἄλλους</span> <span class='ocrx_word' id='word_1_47' title='bbox 604 634 721 712; x_wconf 78' lang='grc' dir='ltr'>ἔχει</span> <span class='ocrx_word' id='word_1_48' title='bbox 764 631 858 692; x_wconf 83' lang='grc' dir='ltr'>ὑπ’</span> <span class='ocrx_word' id='word_1_49' title='bbox 904 636 1080 712; x_wconf 54' lang='lat' dir='ltr'>cunm?</span> <span class='ocrx_word' id='word_1_50' title='bbox 1119 632 1378 710; x_wconf 78' lang='grc' dir='ltr'>Θρήϊκας,</span> <span class='ocrx_word' id='word_1_51' title='bbox 1423 632 1516 691; x_wconf 85' lang='grc' dir='ltr'>καὶ</span> <span class='ocrx_word' id='word_1_52' title='bbox 1567 631 1636 708; x_wconf 83' lang='grc' dir='ltr'>δὴ</span> <span class='ocrx_word' id='word_1_53' title='bbox 1690 634 1783 693; x_wconf 86' lang='grc' dir='ltr'>καὶ</span> <span class='ocrx_word' id='word_1_54' title='bbox 1831 634 1963 699; x_wconf 81' lang='grc' dir='ltr'>τοὺς</span> 
     </span>
     <span class='ocr_line' id='line_1_8' title="bbox 348 719 2050 799; baseline 0.002 -19"><span class='ocrx_word' id='word_1_55' title='bbox 348 719 484 797; x_wconf 82' lang='grc' dir='ltr'>ἡμῖν</span> <span class='ocrx_word' id='word_1_56' title='bbox 503 720 695 785; x_wconf 83' lang='grc' dir='ltr'>ἐόντας</span> <span class='ocrx_word' id='word_1_57' title='bbox 718 720 1149 799; x_wconf 77' lang='grc' dir='ltr'>πλησιοχώρους</span> <span class='ocrx_word' id='word_1_58' title='bbox 1174 719 1399 785; x_wconf 86' lang='grc' dir='ltr'>Γέτας.”</span> <span class='ocrx_word' id='word_1_59' title='bbox 1461 724 1649 780; x_wconf 77' lang='grc' dir='ltr'>Ταῦτα</span> <span class='ocrx_word' id='word_1_60' title='bbox 1667 722 1922 785; x_wconf 78' lang='grc' dir='ltr'>Σκυθέων</span> <span class='ocrx_word' id='word_1_61' title='bbox 1941 726 2050 783; x_wconf 88' lang='grc'>119</span> 
     </span>
     <span class='ocr_line' id='line_1_9' title="bbox 351 807 1961 890; baseline 0.002 -24"><span class='ocrx_word' id='word_1_62' title='bbox 351 809 867 890; x_wconf 78' lang='grc' dir='ltr'>ἐπαγγελλομένων,</span> <span class='ocrx_word' id='word_1_63' title='bbox 885 808 1258 886; x_wconf 76' lang='grc' dir='ltr'>ἐβουλεύοντο</span> <span class='ocrx_word' id='word_1_64' title='bbox 1279 812 1333 868; x_wconf 81' lang='grc' dir='ltr'>οἳ</span> <span class='ocrx_word' id='word_1_65' title='bbox 1357 808 1631 884; x_wconf 87' lang='grc' dir='ltr'>βασιλέες</span> <span class='ocrx_word' id='word_1_66' title='bbox 1647 812 1702 868; x_wconf 82' lang='grc' dir='ltr'>οἱ</span> <span class='ocrx_word' id='word_1_67' title='bbox 1717 807 1830 869; x_wconf 77' lang='grc' dir='ltr'>ἇπο</span> <span class='ocrx_word' id='word_1_68' title='bbox 1850 837 1961 870; x_wconf 88' lang='grc' dir='ltr'>των</span> 
     </span>
     <span class='ocr_line' id='line_1_10' title="bbox 351 895 1960 976; baseline 0.001 -21"><span class='ocrx_word' id='word_1_69' title='bbox 351 895 609 957; x_wconf 87' lang='grc' dir='ltr'>ἐθνέων</span> <span class='ocrx_word' id='word_1_70' title='bbox 571 921 814 973; x_wconf 86' lang='grc' dir='ltr'>ηκοντες·</span> <span class='ocrx_word' id='word_1_71' title='bbox 856 923 949 957; x_wconf 90' lang='grc' dir='ltr'>και</span> <span class='ocrx_word' id='word_1_72' title='bbox 936 897 1168 972; x_wconf 80' lang='grc' dir='ltr'>’σφεων</span> <span class='ocrx_word' id='word_1_73' title='bbox 1193 896 1552 976; x_wconf 85' lang='grc' dir='ltr'>ἐσχίσθησαν</span> <span class='ocrx_word' id='word_1_74' title='bbox 1577 899 1634 954; x_wconf 81' lang='grc' dir='ltr'>αῖ</span> <span class='ocrx_word' id='word_1_75' title='bbox 1659 899 1959 976; x_wconf 83' lang='grc' dir='ltr'>γνῶμαι·ο</span> <span class='ocrx_word' id='word_1_76' title='bbox 1927 896 1960 958; x_wconf 76' lang='grc' dir='ltr'>ὁ</span> 
     </span>
     <span class='ocr_line' id='line_1_11' title="bbox 347 981 1957 1091; baseline -0.001 -48"><span class='ocrx_word' id='word_1_77' title='bbox 347 985 452 1059; x_wconf 81' lang='grc' dir='ltr'>μὲν</span> <span class='ocrx_word' id='word_1_78' title='bbox 475 983 587 1064; x_wconf 80' lang='grc' dir='ltr'>γοὶρ</span> <span class='ocrx_word' id='word_1_79' title='bbox 614 984 885 1056; x_wconf 74' lang='grc' dir='ltr'>Γελωνὸς,</span> <span class='ocrx_word' id='word_1_80' title='bbox 914 985 1005 1043; x_wconf 82' lang='grc' dir='ltr'>καὶ</span> <span class='ocrx_word' id='word_1_81' title='bbox 1031 983 1063 1044; x_wconf 78' lang='grc' dir='ltr'>ὁ</span> <span class='ocrx_word' id='word_1_82' title='bbox 1092 983 1266 1042; x_wconf 52' lang='grc' dir='ltr'>Βουδ*</span> <span class='ocrx_word' id='word_1_83' title='bbox 1243 1009 1372 1052; x_wconf 91' lang='grc' dir='ltr'>νος,</span> <span class='ocrx_word' id='word_1_84' title='bbox 1399 983 1492 1042; x_wconf 83' lang='grc' dir='ltr'>καὶ</span> <span class='ocrx_word' id='word_1_85' title='bbox 1518 981 1550 1042; x_wconf 81' lang='grc' dir='ltr'>ὅ</span> <span class='ocrx_word' id='word_1_86' title='bbox 1578 981 1957 1091; x_wconf 78' lang='grc' dir='ltr'>Σαυρομάτης,</span> 
     </span>
     <span class='ocr_line' id='line_1_12' title="bbox 352 1069 1956 1154; baseline 0.001 -26"><span class='ocrx_word' id='word_1_87' title='bbox 352 1071 493 1131; x_wconf 86' lang='grc' dir='ltr'>κατοὶ</span> <span class='ocrx_word' id='word_1_88' title='bbox 526 1071 703 1132; x_wconf 79' lang='grc' dir='ltr'>τῶυτο</span> <span class='ocrx_word' id='word_1_89' title='bbox 738 1072 1044 1154; x_wconf 86' lang='grc' dir='ltr'>γενόμενοι,</span> <span class='ocrx_word' id='word_1_90' title='bbox 1070 1070 1402 1132; x_wconf 83' lang='grc' dir='ltr'>ὑπεδέκοντο</span> <span class='ocrx_word' id='word_1_91' title='bbox 1441 1069 1694 1149; x_wconf 80' lang='grc' dir='ltr'>Σκύθῃσι</span> <span class='ocrx_word' id='word_1_92' title='bbox 1717 1072 1956 1148; x_wconf 85' lang='grc' dir='ltr'>τιμωρή-</span> 
     </span>
     <span class='ocr_line' id='line_1_13' title="bbox 351 1157 1954 1240; baseline 0.001 -24"><span class='ocrx_word' id='word_1_93' title='bbox 351 1182 493 1218; x_wconf 87' lang='grc' dir='ltr'>σειν·</span> <span class='ocrx_word' id='word_1_94' title='bbox 528 1186 561 1218; x_wconf 94' lang='grc' dir='ltr'>ο</span> <span class='ocrx_word' id='word_1_95' title='bbox 590 1159 649 1218; x_wconf 78' lang='grc' dir='ltr'>δὲ</span> <span class='ocrx_word' id='word_1_96' title='bbox 672 1157 1043 1240; x_wconf 79' lang='grc' dir='ltr'>Ἀγάθυρσος,</span> <span class='ocrx_word' id='word_1_97' title='bbox 1063 1159 1158 1217; x_wconf 86' lang='grc' dir='ltr'>καὶ</span> <span class='ocrx_word' id='word_1_98' title='bbox 1182 1157 1416 1235; x_wconf 81' lang='grc' dir='ltr'>Νευρὸς,</span> <span class='ocrx_word' id='word_1_99' title='bbox 1436 1159 1528 1217; x_wconf 85' lang='grc' dir='ltr'>καὶ</span> <span class='ocrx_word' id='word_1_100' title='bbox 1551 1157 1954 1239; x_wconf 77' lang='grc' dir='ltr'>Ἀνδροφάγος,</span> 
     </span>
     <span class='ocr_line' id='line_1_14' title="bbox 352 1245 1956 1327; baseline 0.004 -25"><span class='ocrx_word' id='word_1_101' title='bbox 352 1245 443 1302; x_wconf 84' lang='grc' dir='ltr'>καὶ</span> <span class='ocrx_word' id='word_1_102' title='bbox 470 1248 524 1305; x_wconf 79' lang='grc' dir='ltr'>οῖ</span> <span class='ocrx_word' id='word_1_103' title='bbox 549 1249 659 1306; x_wconf 78' lang='grc' dir='ltr'>τῶν</span> <span class='ocrx_word' id='word_1_104' title='bbox 685 1246 1138 1327; x_wconf 81' lang='grc' dir='ltr'>Μελαγχλαίνων</span> <span class='ocrx_word' id='word_1_105' title='bbox 1166 1246 1260 1305; x_wconf 86' lang='grc' dir='ltr'>καὶ</span> <span class='ocrx_word' id='word_1_106' title='bbox 1283 1245 1524 1322; x_wconf 86' lang='grc' dir='ltr'>Ταύρων,</span> <span class='ocrx_word' id='word_1_107' title='bbox 1545 1245 1677 1306; x_wconf 88' lang='grc' dir='ltr'>τάδε</span> <span class='ocrx_word' id='word_1_108' title='bbox 1703 1246 1956 1326; x_wconf 82' lang='grc' dir='ltr'>Σκύθῃσι</span> 
     </span>
     <span class='ocr_line' id='line_1_15' title="bbox 349 1330 1949 1412; baseline 0.003 -22"><span class='ocrx_word' id='word_1_109' title='bbox 349 1330 731 1409; x_wconf 87' lang='grc' dir='ltr'>ὑπεκριναντο·</span> <span class='ocrx_word' id='word_1_110' title='bbox 766 1343 801 1370; x_wconf 91' lang='lat'><strong><em>“</em></strong></span> <span class='ocrx_word' id='word_1_111' title='bbox 819 1337 867 1392; x_wconf 80' lang='grc' dir='ltr'>εἰ</span> <span class='ocrx_word' id='word_1_112' title='bbox 891 1336 997 1410; x_wconf 87' lang='grc' dir='ltr'>μὲν</span> <span class='ocrx_word' id='word_1_113' title='bbox 1020 1333 1101 1410; x_wconf 79' lang='grc' dir='ltr'>μὴ</span> <span class='ocrx_word' id='word_1_114' title='bbox 1127 1333 1285 1410; x_wconf 81' lang='grc' dir='ltr'>ὑμεῖς</span> <span class='ocrx_word' id='word_1_115' title='bbox 1309 1334 1434 1394; x_wconf 79' lang='grc' dir='ltr'>ἔατε</span> <span class='ocrx_word' id='word_1_116' title='bbox 1461 1337 1515 1393; x_wconf 80' lang='grc' dir='ltr'>οἷ</span> <span class='ocrx_word' id='word_1_117' title='bbox 1540 1333 1811 1412; x_wconf 88' lang='grc' dir='ltr'>πρότερον</span> <span class='ocrx_word' id='word_1_118' title='bbox 1835 1334 1949 1394; x_wconf 83' lang='grc' dir='ltr'>ἀδι-</span> 
     </span>
     <span class='ocr_line' id='line_1_16' title="bbox 352 1418 1953 1499; baseline 0.003 -21"><span class='ocrx_word' id='word_1_119' title='bbox 352 1418 622 1495; x_wconf 88' lang='grc' dir='ltr'>κήσαντες</span> <span class='ocrx_word' id='word_1_120' title='bbox 648 1421 880 1497; x_wconf 88' lang='grc' dir='ltr'>Πέρσας</span> <span class='ocrx_word' id='word_1_121' title='bbox 906 1421 999 1479; x_wconf 79' lang='grc' dir='ltr'>καὶ</span> <span class='ocrx_word' id='word_1_122' title='bbox 1024 1420 1284 1498; x_wconf 79' lang='grc' dir='ltr'>ἄρξαντες</span> <span class='ocrx_word' id='word_1_123' title='bbox 1311 1422 1584 1499; x_wconf 85' lang='grc' dir='ltr'>πολέμου,</span> <span class='ocrx_word' id='word_1_124' title='bbox 1605 1421 1813 1483; x_wconf 88' lang='grc' dir='ltr'>τούτων</span> <span class='ocrx_word' id='word_1_125' title='bbox 1839 1421 1953 1483; x_wconf 82' lang='grc' dir='ltr'>δεό-</span> 
     </span>
     <span class='ocr_line' id='line_1_17' title="bbox 349 1507 1953 1588; baseline 0.003 -22"><span class='ocrx_word' id='word_1_126' title='bbox 349 1533 511 1583; x_wconf 89' lang='grc' dir='ltr'>μενοι</span> <span class='ocrx_word' id='word_1_127' title='bbox 545 1512 655 1568; x_wconf 78' lang='grc' dir='ltr'>τῶν</span> <span class='ocrx_word' id='word_1_128' title='bbox 689 1511 789 1569; x_wconf 82' lang='grc' dir='ltr'>νῦν</span> <span class='ocrx_word' id='word_1_129' title='bbox 824 1508 1021 1568; x_wconf 82' lang='grc' dir='ltr'>δέεσθε</span> <span class='ocrx_word' id='word_1_130' title='bbox 1056 1507 1246 1588; x_wconf 89' lang='grc' dir='ltr'>λέγειν</span> <span class='ocrx_word' id='word_1_131' title='bbox 1279 1533 1343 1568; x_wconf 88' lang='grc' dir='ltr'>τε</span> <span class='ocrx_word' id='word_1_132' title='bbox 1377 1507 1448 1568; x_wconf 76' lang='grc' dir='ltr'>ἂν</span> <span class='ocrx_word' id='word_1_133' title='bbox 1485 1510 1786 1585; x_wconf 85' lang='grc' dir='ltr'>ἐφαίνεσθε</span> <span class='ocrx_word' id='word_1_134' title='bbox 1818 1509 1953 1587; x_wconf 81' lang='grc' dir='ltr'>ἡμῖν</span> 
     </span>
     <span class='ocr_line' id='line_1_18' title="bbox 350 1592 2042 1675; baseline 0.002 -20"><span class='ocrx_word' id='word_1_135' title='bbox 350 1592 509 1672; x_wconf 70' lang='grc' dir='ltr'>ὄρθαῖ,</span> <span class='ocrx_word' id='word_1_136' title='bbox 539 1596 631 1654; x_wconf 83' lang='grc' dir='ltr'>καὶ</span> <span class='ocrx_word' id='word_1_137' title='bbox 657 1594 817 1673; x_wconf 67' lang='grc' dir='ltr'>ἡμεῖς</span> <span class='ocrx_word' id='word_1_138' title='bbox 853 1593 1272 1659; x_wconf 86' lang='grc' dir='ltr'>ὑπακούσαντες</span> <span class='ocrx_word' id='word_1_139' title='bbox 1296 1594 1471 1656; x_wconf 74' lang='grc' dir='ltr'>τῶυτὸ</span> <span class='ocrx_word' id='word_1_140' title='bbox 1498 1595 1566 1656; x_wconf 79' lang='grc' dir='ltr'>ἂν</span> <span class='ocrx_word' id='word_1_141' title='bbox 1591 1596 1722 1674; x_wconf 66' lang='grc' dir='ltr'>ὑμῖν</span> <span class='ocrx_word' id='word_1_142' title='bbox 1747 1598 1954 1675; x_wconf 87' lang='grc' dir='ltr'>ἐπρήσ-</span> <span class='ocrx_word' id='word_1_143' title='bbox 2031 1621 2042 1626; x_wconf 88' lang='grc'>·</span> 
     </span>
     <span class='ocr_line' id='line_1_19' title="bbox 352 1683 1952 1761; baseline 0.005 -21"><span class='ocrx_word' id='word_1_144' title='bbox 352 1707 549 1759; x_wconf 89' lang='grc' dir='ltr'>σομεν·</span> <span class='ocrx_word' id='word_1_145' title='bbox 590 1688 687 1744; x_wconf 84' lang='grc' dir='ltr'>νῦν</span> <span class='ocrx_word' id='word_1_146' title='bbox 725 1684 783 1744; x_wconf 81' lang='grc' dir='ltr'>δὲ</span> <span class='ocrx_word' id='word_1_147' title='bbox 818 1683 976 1761; x_wconf 86' lang='grc' dir='ltr'>ὑμεῖς</span> <span class='ocrx_word' id='word_1_148' title='bbox 1012 1708 1076 1744; x_wconf 89' lang='grc' dir='ltr'>τε</span> <span class='ocrx_word' id='word_1_149' title='bbox 1117 1689 1173 1748; x_wconf 87' lang='grc' dir='ltr'>ἐς</span> <span class='ocrx_word' id='word_1_150' title='bbox 1213 1683 1320 1759; x_wconf 83' lang='grc' dir='ltr'>τὴν</span> <span class='ocrx_word' id='word_1_151' title='bbox 1349 1684 1566 1745; x_wconf 88' lang='grc' dir='ltr'>ἐκείνων</span> <span class='ocrx_word' id='word_1_152' title='bbox 1609 1685 1952 1761; x_wconf 86' lang='grc' dir='ltr'>ἐσβαλόντες</span> 
     </span>
     <span class='ocr_line' id='line_1_20' title="bbox 350 1769 1950 1852; baseline 0.002 -22"><span class='ocrx_word' id='word_1_153' title='bbox 350 1774 459 1850; x_wconf 82' lang='grc' dir='ltr'>γῆν</span> <span class='ocrx_word' id='word_1_154' title='bbox 484 1769 613 1831; x_wconf 76' lang='grc' dir='ltr'>ἄνευ</span> <span class='ocrx_word' id='word_1_155' title='bbox 653 1771 853 1849; x_wconf 90' lang='grc' dir='ltr'>ἡμέων,</span> <span class='ocrx_word' id='word_1_156' title='bbox 889 1772 1246 1850; x_wconf 82' lang='grc' dir='ltr'>ἐπεκρατέετε</span> <span class='ocrx_word' id='word_1_157' title='bbox 1280 1772 1549 1849; x_wconf 91' lang='grc' dir='ltr'>Περσέων</span> <span class='ocrx_word' id='word_1_158' title='bbox 1573 1771 1714 1833; x_wconf 85' lang='grc' dir='ltr'>ὅσον</span> <span class='ocrx_word' id='word_1_159' title='bbox 1746 1772 1950 1852; x_wconf 88' lang='grc' dir='ltr'>χρόνον</span> 
     </span>
     <span class='ocr_line' id='line_1_21' title="bbox 348 1856 1954 1936; baseline 0.003 -21"><span class='ocrx_word' id='word_1_160' title='bbox 348 1856 481 1934; x_wconf 82' lang='grc' dir='ltr'>ὑμῖν</span> <span class='ocrx_word' id='word_1_161' title='bbox 506 1858 539 1918; x_wconf 84' lang='grc' dir='ltr'>ὁ</span> <span class='ocrx_word' id='word_1_162' title='bbox 567 1859 692 1923; x_wconf 78' lang='grc' dir='ltr'>θεὸς</span> <span class='ocrx_word' id='word_1_163' title='bbox 717 1860 1032 1936; x_wconf 81' lang='grc' dir='ltr'>παρεδίδου·</span> <span class='ocrx_word' id='word_1_164' title='bbox 1074 1859 1168 1917; x_wconf 83' lang='grc' dir='ltr'>καὶ</span> <span class='ocrx_word' id='word_1_165' title='bbox 1195 1861 1408 1931; x_wconf 81' lang='grc' dir='ltr'>ἐκεῖνοι,</span> <span class='ocrx_word' id='word_1_166' title='bbox 1431 1859 1555 1918; x_wconf 86' lang='grc' dir='ltr'>ἐπεί</span> <span class='ocrx_word' id='word_1_167' title='bbox 1573 1867 1758 1934; x_wconf 89' lang='grc' dir='ltr'>σφεας</span> <span class='ocrx_word' id='word_1_168' title='bbox 1783 1859 1954 1924; x_wconf 64' lang='lat' dir='ltr'>‹Bm-&lt;35</span> 
     </span>
     <span class='ocr_line' id='line_1_22' title="bbox 352 1943 1952 2026; baseline 0.001 -22"><span class='ocrx_word' id='word_1_169' title='bbox 352 1945 479 2010; x_wconf 79' lang='grc' dir='ltr'>θεὸς</span> <span class='ocrx_word' id='word_1_170' title='bbox 517 1948 732 2026; x_wconf 82' lang='grc' dir='ltr'>ἐγείρει,</span> <span class='ocrx_word' id='word_1_171' title='bbox 768 1946 872 2023; x_wconf 86' lang='grc' dir='ltr'>τὴν</span> <span class='ocrx_word' id='word_1_172' title='bbox 912 1947 1111 2025; x_wconf 78' lang='grc' dir='ltr'>ὁμοίην</span> <span class='ocrx_word' id='word_1_173' title='bbox 1148 1945 1280 2022; x_wconf 80' lang='grc' dir='ltr'>ὑμῖν</span> <span class='ocrx_word' id='word_1_174' title='bbox 1313 1943 1662 2005; x_wconf 72' lang='grc' dir='ltr'>ἀποδιδοῦσι·</span> <span class='ocrx_word' id='word_1_175' title='bbox 1701 1945 1861 2022; x_wconf 80' lang='grc' dir='ltr'>ἡμεῖς</span> <span class='ocrx_word' id='word_1_176' title='bbox 1891 1947 1952 2006; x_wconf 79' lang='grc' dir='ltr'>δὲ</span> 
     </span>
     <span class='ocr_line' id='line_1_23' title="bbox 353 2030 1950 2111; baseline 0.002 -22"><span class='ocrx_word' id='word_1_177' title='bbox 353 2031 479 2091; x_wconf 82' lang='grc' dir='ltr'>οὔτε</span> <span class='ocrx_word' id='word_1_178' title='bbox 514 2059 570 2092; x_wconf 90' lang='grc' dir='ltr'>τι</span> <span class='ocrx_word' id='word_1_179' title='bbox 590 2032 727 2108; x_wconf 36' lang='grc' dir='ltr'>,τότε</span> <span class='ocrx_word' id='word_1_180' title='bbox 763 2032 1110 2111; x_wconf 80' lang='grc' dir='ltr'>ἠδικήσαμεν</span> <span class='ocrx_word' id='word_1_181' title='bbox 1134 2032 1264 2096; x_wconf 76' lang='grc' dir='ltr'>τούς</span> <span class='ocrx_word' id='word_1_182' title='bbox 1300 2030 1502 2108; x_wconf 73' lang='grc' dir='ltr'>ἄνδρας</span> <span class='ocrx_word' id='word_1_183' title='bbox 1525 2031 1753 2095; x_wconf 85' lang='grc' dir='ltr'>τούτους</span> <span class='ocrx_word' id='word_1_184' title='bbox 1777 2031 1950 2104; x_wconf 77' lang='grc' dir='ltr'>οὐδὲν,</span> 
     </span>
     <span class='ocr_line' id='line_1_24' title="bbox 353 2117 1951 2198; baseline 0.002 -21"><span class='ocrx_word' id='word_1_185' title='bbox 353 2117 478 2178; x_wconf 77' lang='grc' dir='ltr'>οὔτε</span> <span class='ocrx_word' id='word_1_186' title='bbox 513 2123 609 2180; x_wconf 81' lang='grc' dir='ltr'>νῦν</span> <span class='ocrx_word' id='word_1_187' title='bbox 642 2121 905 2198; x_wconf 87' lang='grc' dir='ltr'>πρότεροι</span> <span class='ocrx_word' id='word_1_188' title='bbox 939 2119 1330 2198; x_wconf 84' lang='grc' dir='ltr'>πειρησόμεθα</span> <span class='ocrx_word' id='word_1_189' title='bbox 1362 2118 1616 2180; x_wconf 74' lang='grc' dir='ltr'>ἀδικέειν·</span> <span class='ocrx_word' id='word_1_190' title='bbox 1655 2117 1724 2194; x_wconf 84' lang='grc' dir='ltr'>ἢν</span> <span class='ocrx_word' id='word_1_191' title='bbox 1757 2120 1951 2196; x_wconf 87' lang='grc' dir='ltr'>μέντοι</span> 
     </span>
     <span class='ocr_line' id='line_1_25' title="bbox 354 2206 1950 2286; baseline 0.004 -22"><span class='ocrx_word' id='word_1_192' title='bbox 354 2206 482 2284; x_wconf 85' lang='grc' dir='ltr'>ἐπίῃ</span> <span class='ocrx_word' id='word_1_193' title='bbox 508 2207 603 2265; x_wconf 85' lang='grc' dir='ltr'>καὶ</span> <span class='ocrx_word' id='word_1_194' title='bbox 629 2208 721 2267; x_wconf 87' lang='grc' dir='ltr'>ἐπὶ</span> <span class='ocrx_word' id='word_1_195' title='bbox 745 2207 851 2284; x_wconf 73' lang='grc' dir='ltr'>τὴν</span> <span class='ocrx_word' id='word_1_196' title='bbox 875 2208 1150 2286; x_wconf 72' lang='grc' dir='ltr'>ἡμετέρην</span> <span class='ocrx_word' id='word_1_197' title='bbox 1163 2206 1304 2286; x_wconf 72' lang='grc' dir='ltr'>ἄρξῃ</span> <span class='ocrx_word' id='word_1_198' title='bbox 1328 2232 1391 2267; x_wconf 88' lang='grc' dir='ltr'>τε</span> <span class='ocrx_word' id='word_1_199' title='bbox 1417 2206 1658 2278; x_wconf 75' lang='grc' dir='ltr'>ἀδικέων,</span> <span class='ocrx_word' id='word_1_200' title='bbox 1675 2207 1768 2266; x_wconf 86' lang='grc' dir='ltr'>καὶ</span> <span class='ocrx_word' id='word_1_201' title='bbox 1790 2206 1950 2285; x_wconf 78' lang='grc' dir='ltr'>ἡμεῖς</span> 
     </span>
     <span class='ocr_line' id='line_1_26' title="bbox 352 2291 1951 2376; baseline 0.001 -24"><span class='ocrx_word' id='word_1_202' title='bbox 352 2291 417 2352; x_wconf 83' lang='grc' dir='ltr'>οὑ</span> <span class='ocrx_word' id='word_1_203' title='bbox 443 2294 774 2372; x_wconf 86' lang='grc' dir='ltr'>πεισόμεθα·</span> <span class='ocrx_word' id='word_1_204' title='bbox 813 2297 985 2376; x_wconf 87' lang='grc' dir='ltr'>μέχρι</span> <span class='ocrx_word' id='word_1_205' title='bbox 1010 2296 1071 2356; x_wconf 79' lang='grc' dir='ltr'>δὲ</span> <span class='ocrx_word' id='word_1_206' title='bbox 1094 2299 1262 2356; x_wconf 83' lang='grc' dir='ltr'>τοῦτο</span> <span class='ocrx_word' id='word_1_207' title='bbox 1287 2296 1502 2373; x_wconf 78' lang='grc' dir='ltr'>ἴδωμεν,</span> <span class='ocrx_word' id='word_1_208' title='bbox 1528 2295 1796 2373; x_wconf 87' lang='grc' dir='ltr'>μενέομεν</span> <span class='ocrx_word' id='word_1_209' title='bbox 1819 2295 1951 2374; x_wconf 84' lang='grc' dir='ltr'>παρ’</span> 
     </span>
     <span class='ocr_line' id='line_1_27' title="bbox 351 2380 1952 2464; baseline 0.001 -24"><span class='ocrx_word' id='word_1_210' title='bbox 351 2380 487 2457; x_wconf 82' lang='grc' dir='ltr'>ἡμῖν</span> <span class='ocrx_word' id='word_1_211' title='bbox 528 2380 770 2443; x_wconf 78' lang='grc' dir='ltr'>αὑτοῖσι·</span> <span class='ocrx_word' id='word_1_212' title='bbox 826 2383 981 2459; x_wconf 87' lang='grc' dir='ltr'>ἥκειν</span> <span class='ocrx_word' id='word_1_213' title='bbox 1029 2382 1142 2464; x_wconf 82' lang='grc' dir='ltr'>γοὶρ</span> <span class='ocrx_word' id='word_1_214' title='bbox 1191 2383 1453 2460; x_wconf 87' lang='grc' dir='ltr'>δοκέομεν</span> <span class='ocrx_word' id='word_1_215' title='bbox 1495 2381 1597 2442; x_wconf 78' lang='grc' dir='ltr'>οὑκ</span> <span class='ocrx_word' id='word_1_216' title='bbox 1650 2382 1734 2442; x_wconf 84' lang='grc' dir='ltr'>ἐπ’</span> <span class='ocrx_word' id='word_1_217' title='bbox 1775 2381 1952 2462; x_wconf 87' lang='grc' dir='ltr'>ἡμέας</span> 
     </span>
     <span class='ocr_line' id='line_1_28' title="bbox 352 2468 1948 2552; baseline 0.003 -26"><span class='ocrx_word' id='word_1_218' title='bbox 352 2469 600 2546; x_wconf 90' lang='grc' dir='ltr'>Πέρσας,</span> <span class='ocrx_word' id='word_1_219' title='bbox 636 2468 768 2530; x_wconf 74' lang='grc' dir='ltr'>ἀλλ’</span> <span class='ocrx_word' id='word_1_220' title='bbox 807 2471 900 2531; x_wconf 83' lang='grc' dir='ltr'>ἐπὶ</span> <span class='ocrx_word' id='word_1_221' title='bbox 932 2470 1064 2536; x_wconf 82' lang='grc' dir='ltr'>τοὺς</span> <span class='ocrx_word' id='word_1_222' title='bbox 1099 2470 1308 2536; x_wconf 80' lang='grc' dir='ltr'>αἰτίους</span> <span class='ocrx_word' id='word_1_223' title='bbox 1335 2474 1437 2547; x_wconf 83' lang='grc' dir='ltr'>τῆς</span> <span class='ocrx_word' id='word_1_224' title='bbox 1475 2469 1687 2546; x_wconf 76' lang='grc' dir='ltr'>ἀδικίης</span> <span class='ocrx_word' id='word_1_225' title='bbox 1724 2473 1948 2552; x_wconf 90' lang='grc' dir='ltr'>γενομέ-</span> 
     </span>
     <span class='ocr_line' id='line_1_29' title="bbox 351 2554 527 2619; baseline 0 -5"><span class='ocrx_word' id='word_1_226' title='bbox 351 2554 527 2619; x_wconf 84' lang='grc' dir='ltr'>νους.”</span> 
     </span>
    </p>

    <p class='ocr_par' dir='ltr' id='par_1_2' title="bbox 344 2609 2042 3342">
     <span class='ocr_line' id='line_1_30' title="bbox 430 2609 2042 2725; baseline 0.001 -23"><span class='ocrx_word' id='word_1_227' title='bbox 430 2643 675 2704; x_wconf 66' lang='grc' dir='ltr'>Ταῦτα’</span> <span class='ocrx_word' id='word_1_228' title='bbox 632 2671 703 2708; x_wconf 89' lang='grc' dir='ltr'>ως</span> <span class='ocrx_word' id='word_1_229' title='bbox 717 2644 1112 2725; x_wconf 71' lang='grc' dir='ltr'>ἀπενειχθέντα</span> <span class='ocrx_word' id='word_1_230' title='bbox 1130 2644 1402 2706; x_wconf 84' lang='grc' dir='ltr'>ἐπύθοντο</span> <span class='ocrx_word' id='word_1_231' title='bbox 1422 2672 1476 2705; x_wconf 91' lang='grc' dir='ltr'>οι</span> <span class='ocrx_word' id='word_1_232' title='bbox 1457 2644 1721 2715; x_wconf 55' lang='grc' dir='ltr'>’Σκύθαα</span> <span class='ocrx_word' id='word_1_233' title='bbox 1743 2609 1906 2722; x_wconf 77' lang='grc' dir='ltr'>ἐβου-</span> <span class='ocrx_word' id='word_1_234' title='bbox 1927 2645 2042 2704; x_wconf 88' lang='grc'>120</span> 
     </span>
     <span class='ocr_line' id='line_1_31' title="bbox 348 2729 1950 2814; baseline 0.003 -25"><span class='ocrx_word' id='word_1_235' title='bbox 348 2729 581 2791; x_wconf 86' lang='grc' dir='ltr'>λεύοντο</span> <span class='ocrx_word' id='word_1_236' title='bbox 621 2732 920 2811; x_wconf 82' lang='grc' dir='ltr'>ἰθυμαχίην</span> <span class='ocrx_word' id='word_1_237' title='bbox 955 2736 1059 2811; x_wconf 78' lang='grc' dir='ltr'>μὲν</span> <span class='ocrx_word' id='word_1_238' title='bbox 1096 2734 1371 2814; x_wconf 86' lang='grc' dir='ltr'>μηδεμίαν</span> <span class='ocrx_word' id='word_1_239' title='bbox 1408 2733 1703 2810; x_wconf 84' lang='grc' dir='ltr'>ποιέεσθαι</span> <span class='ocrx_word' id='word_1_240' title='bbox 1745 2737 1806 2792; x_wconf 82' lang='grc' dir='ltr'>ἐκ</span> <span class='ocrx_word' id='word_1_241' title='bbox 1847 2737 1950 2793; x_wconf 80' lang='grc' dir='ltr'>τοῦ</span> 
     </span>
     <span class='ocr_line' id='line_1_32' title="bbox 349 2817 1948 2901; baseline 0.002 -25"><span class='ocrx_word' id='word_1_242' title='bbox 349 2818 642 2895; x_wconf 86' lang='grc' dir='ltr'>ἐμφανέος,</span> <span class='ocrx_word' id='word_1_243' title='bbox 674 2817 785 2898; x_wconf 83' lang='grc' dir='ltr'>(ὅτι</span> <span class='ocrx_word' id='word_1_244' title='bbox 825 2819 894 2896; x_wconf 86' lang='grc' dir='ltr'>δή</span> <span class='ocrx_word' id='word_1_245' title='bbox 928 2827 1042 2898; x_wconf 91' lang='grc' dir='ltr'>σφι</span> <span class='ocrx_word' id='word_1_246' title='bbox 1082 2820 1241 2882; x_wconf 79' lang='grc' dir='ltr'>οὗτοί</span> <span class='ocrx_word' id='word_1_247' title='bbox 1266 2846 1334 2901; x_wconf 93' lang='grc' dir='ltr'>γε</span> <span class='ocrx_word' id='word_1_248' title='bbox 1359 2819 1653 2900; x_wconf 88' lang='grc' dir='ltr'>σύμμαχοι</span> <span class='ocrx_word' id='word_1_249' title='bbox 1677 2819 1743 2881; x_wconf 81' lang='grc' dir='ltr'>οὑ</span> <span class='ocrx_word' id='word_1_250' title='bbox 1769 2846 1948 2897; x_wconf 87' lang='grc' dir='ltr'>προσ·</span> 
     </span>
     <span class='ocr_line' id='line_1_33' title="bbox 348 2905 1948 2990; baseline -0.001 -25"><span class='ocrx_word' id='word_1_251' title='bbox 348 2906 637 2987; x_wconf 86' lang='grc' dir='ltr'>εγίνσντο,)</span> <span class='ocrx_word' id='word_1_252' title='bbox 689 2907 1003 2977; x_wconf 70' lang='grc' dir='ltr'>ὑπεξιόντες</span> <span class='ocrx_word' id='word_1_253' title='bbox 1053 2907 1113 2968; x_wconf 82' lang='grc' dir='ltr'>δὲ</span> <span class='ocrx_word' id='word_1_254' title='bbox 1162 2908 1280 2990; x_wconf 86' lang='grc' dir='ltr'>[καὶ</span> <span class='ocrx_word' id='word_1_255' title='bbox 1328 2905 1814 2987; x_wconf 81' lang='grc' dir='ltr'>ὑπεξελαύνοντες]</span> <span class='ocrx_word' id='word_1_256' title='bbox 1877 2906 1948 2966; x_wconf 62' lang='grc' dir='ltr'>ταὶ</span> 
     </span>
     <span class='ocr_line' id='line_1_34' title="bbox 346 2993 1948 3074; baseline -0.002 -20"><span class='ocrx_word' id='word_1_257' title='bbox 346 2996 567 3071; x_wconf 85' lang='grc' dir='ltr'>φρέατα</span> <span class='ocrx_word' id='word_1_258' title='bbox 590 2995 663 3056; x_wconf 81' lang='grc' dir='ltr'>τοὶ</span> <span class='ocrx_word' id='word_1_259' title='bbox 688 2995 999 3072; x_wconf 80' lang='grc' dir='ltr'>παρεξίοιεν</span> <span class='ocrx_word' id='word_1_260' title='bbox 1024 2995 1184 3056; x_wconf 78' lang='grc' dir='ltr'>αὐτοὶ</span> <span class='ocrx_word' id='word_1_261' title='bbox 1209 2996 1302 3054; x_wconf 86' lang='grc' dir='ltr'>καὶ</span> <span class='ocrx_word' id='word_1_262' title='bbox 1325 2995 1425 3058; x_wconf 83' lang='grc' dir='ltr'>τοὶς</span> <span class='ocrx_word' id='word_1_263' title='bbox 1450 2993 1652 3073; x_wconf 87' lang='grc' dir='ltr'>κρήνας</span> <span class='ocrx_word' id='word_1_264' title='bbox 1677 2996 1948 3074; x_wconf 80' lang='grc' dir='ltr'>συγχοῦν,</span> 
     </span>
     <span class='ocr_line' id='line_1_35' title="bbox 345 3080 1948 3165; baseline -0.004 -21"><span class='ocrx_word' id='word_1_265' title='bbox 345 3082 451 3159; x_wconf 85' lang='grc' dir='ltr'>τὴν</span> <span class='ocrx_word' id='word_1_266' title='bbox 491 3084 661 3160; x_wconf 87' lang='grc' dir='ltr'>ποίην</span> <span class='ocrx_word' id='word_1_267' title='bbox 698 3108 761 3143; x_wconf 89' lang='grc' dir='ltr'>τε</span> <span class='ocrx_word' id='word_1_268' title='bbox 808 3087 869 3142; x_wconf 88' lang='grc' dir='ltr'>ἐκ</span> <span class='ocrx_word' id='word_1_269' title='bbox 910 3088 1012 3160; x_wconf 84' lang='grc' dir='ltr'>τῆς</span> <span class='ocrx_word' id='word_1_270' title='bbox 1054 3087 1161 3165; x_wconf 70' lang='grc' dir='ltr'>γῆς</span> <span class='ocrx_word' id='word_1_271' title='bbox 1212 3084 1508 3160; x_wconf 87' lang='grc' dir='ltr'>ἐκτρίβειν,</span> <span class='ocrx_word' id='word_1_272' title='bbox 1557 3081 1717 3161; x_wconf 83' lang='grc' dir='ltr'>διχσῦ</span> <span class='ocrx_word' id='word_1_273' title='bbox 1763 3080 1948 3156; x_wconf 87' lang='grc' dir='ltr'>σφέας</span> 
     </span>
     <span class='ocr_line' id='line_1_36' title="bbox 344 3169 1946 3250; baseline 0 -20"><span class='ocrx_word' id='word_1_274' title='bbox 344 3169 640 3238; x_wconf 84' lang='grc' dir='ltr'>διελόντες·</span> <span class='ocrx_word' id='word_1_275' title='bbox 680 3172 773 3231; x_wconf 85' lang='grc' dir='ltr'>καὶ</span> <span class='ocrx_word' id='word_1_276' title='bbox 808 3171 951 3250; x_wconf 80' lang='grc' dir='ltr'>πρὸς</span> <span class='ocrx_word' id='word_1_277' title='bbox 986 3173 1091 3250; x_wconf 78' lang='grc' dir='ltr'>μὲν</span> <span class='ocrx_word' id='word_1_278' title='bbox 1123 3171 1229 3247; x_wconf 78' lang='grc' dir='ltr'>τήν</span> <span class='ocrx_word' id='word_1_279' title='bbox 1265 3171 1403 3248; x_wconf 87' lang='grc' dir='ltr'>μίαν</span> <span class='ocrx_word' id='word_1_280' title='bbox 1439 3173 1550 3231; x_wconf 74' lang='grc' dir='ltr'>τῶν</span> <span class='ocrx_word' id='word_1_281' title='bbox 1572 3169 1807 3247; x_wconf 89' lang='grc' dir='ltr'>μοιρέων</span> <span class='ocrx_word' id='word_1_282' title='bbox 1845 3171 1946 3244; x_wconf 83' lang='grc' dir='ltr'>τῆς</span> 
     </span>
     <span class='ocr_line' id='line_1_37' title="bbox 346 3253 1945 3342; baseline -0.008 -18"><span class='ocrx_word' id='word_1_283' title='bbox 346 3267 654 3342; x_wconf 83' lang='grc' dir='ltr'>ἐβασίλευε</span> <span class='ocrx_word' id='word_1_284' title='bbox 680 3261 996 3330; x_wconf 76' lang='grc' dir='ltr'>Σκώπασις,</span> <span class='ocrx_word' id='word_1_285' title='bbox 1016 3259 1398 3337; x_wconf 89' lang='grc' dir='ltr'>προσχωρέειν</span> <span class='ocrx_word' id='word_1_286' title='bbox 1415 3255 1796 3333; x_wconf 82' lang='grc' dir='ltr'>Σαυρομάτας·</span> <span class='ocrx_word' id='word_1_287' title='bbox 1822 3253 1945 3313; x_wconf 84' lang='grc' dir='ltr'>τού·</span> 
     </span>
    </p>
   </div>
  </div>
 </body>
</html>
