2267 3517
315 106 415 154 246
913 104 1281 156 ἨΡΟΔΟΤΟΤ
1546 101 1558 106 ”
1784 101 1917 166 [III.

317 182 459 260 α’νήρ
493 182 708 246 ἱππεύς·
748 183 1030 264 ἐπέγραψε
1063 184 1122 243 δὲ
1152 183 1459 264 γράμματα
1492 181 1735 262 λέγοντα
1766 181 1919 244 τάδε·

319 271 659 334 ΔΑΡΕῙΟΣ
685 269 754 329 ‘O
781 270 1261 335 ε’ΥΣΤΑΣΠΕΟΣ
1290 272 1447 338 ΣΥΝ
1474 277 1568 328 ΤΕ
1610 275 1765 328 ΤΟΥ
1787 265 1920 329 ἹΠ-

323 365 492 418 ΠΟΥ
531 364 660 416 ΤΗι
701 364 980 416 ΑΡΕΤΗι
1019 358 1106 436 (τό
1152 357 1364 432 οὕνομα
1402 357 1605 436 λέγων)
1638 362 1779 416 ΚΑΙ
1814 364 1919 418 ΟΙ-

321 446 624 509 ΒΑΡΕΟΣ
692 451 845 503 ΤΟΥ
895 444 1421 515 ‘IIlHOKOMOY,
1483 443 1917 509 ἘΚΤΗΣΑΤΟ

227 538 300 596 89
321 538 487 592 ΤΗΝ
551 533 924 596 ΠΕΡΣΕΩΝ
991 535 1458 598 ΒΑΣΙΛΗΙΗΝ.
1540 531 1804 607 Ποιήσας
1858 533 1921 592 δὲ

318 625 496 682 ταῦτα
530 625 588 680 ἐν
625 620 908 698 Πέρσῃσι,
949 617 1125 698 α’ρχοὶς
1167 619 1557 695 κατεστήσατο
1597 619 1777 679 εἴκοσι
1819 620 1921 684 τὰς

321 708 482 768 αὐτοὶ
533 708 802 766 καλέουσι
855 709 1225 784 σατραπηΐας.
1302 707 1663 782 καταστήσας
1716 707 1776 766 δὲ
1820 735 1921 772 τας

323 795 500 875 οἷρχας
541 796 632 854 καὶ
671 821 946 873 αρχοντας
987 794 1317 886 ἐπιστήσας,
1346 793 1579 864 ἐτάξατο
1617 793 1826 870 φόρους
1864 799 1920 880 οἳ

321 884 616 962 προσιέναι
653 882 795 941 κατὰ
829 882 987 942 ἔθνεσί
1012 907 1088 952 τε,
1117 884 1211 941 καὶ
1236 882 1376 960 πρὸς
1400 885 1555 942 τοῖσι
1582 883 1767 942 ἔθνεσι
1790 909 1920 947 τους

320 970 748 1050 πλησιοχώρους
798 995 1199 1046 προστασσων,
1247 971 1340 1029 καὶ
1390 969 1741 1046 υπερβαίνων
1788 995 1921 1035 τους

321 1060 651 1137 προσεχέας,
681 1056 918 1117 αλλοισι
955 1056 1110 1116 ἄλλα
1133 1058 1207 1134 τοὶ
1234 1058 1512 1134 ἑκαστέρω
1538 1058 1697 1118 ἔθνεα
1722 1059 1917 1136 νέμων.

399 1145 611 1226 Ἀρχας
641 1146 700 1204 δὲ
735 1146 827 1204 καὶ
864 1144 1053 1222 φόρων
1077 1145 1363 1222 πρόσοδον
1398 1170 1503 1220 την
1529 1146 1753 1205 ἐπέτεον
1776 1147 1920 1206 κατοὶ

320 1235 453 1297 τάδε
490 1235 678 1294 διεῖλε·
719 1236 874 1294 τοῖσι
907 1235 1011 1310 μὲν
1043 1233 1225 1293 αυτῶν
1256 1232 1517 1313 αργύριον
1552 1231 1921 1314 απαγινέουσι

325 1325 509 1400 εἴρητο
556 1320 928 1396 Βαβυλώνιον
967 1321 1228 1398 σταθμὸν
1267 1321 1543 1382 ταλαντον
1584 1320 1917 1401 ἀπαγινέειν,

325 1413 478 1471 τοῖσι
505 1409 564 1467 δε
595 1409 833 1486 χρυσίον
869 1406 1237 1488 ἀπαγινέουσι
1271 1407 1574 1484 Εὐβοϊκόν·
1614 1407 1683 1468 vc}
1716 1409 1777 1468 δὲ
1807 1415 1919 1468 Ba-

321 1495 602 1573 βυλώνιον
640 1494 919 1554 τάλαντον
949 1495 1176 1556 δύναται
1214 1495 1497 1572 Εὐβοΐδας
1530 1495 1920 1574 ἐβδομήκοντα

321 1584 509 1662 μνέας.
578 1582 671 1642 ἐπὶ
697 1580 810 1662 γοῖρ
839 1581 1030 1658 Κύρου
1065 1581 1350 1662 ἄρχοντος,
1378 1584 1471 1643 καὶ
1496 1582 1648 1653 αὖτις
1679 1585 1919 1661 Καμβύ-

321 1696 452 1741 σεω,
485 1669 556 1746 ἦν
596 1668 938 1746 κατεστηκός
979 1669 1137 1730 οὐδὲν
1169 1670 1351 1750 φόρου
1390 1673 1535 1749 πέρι,
1572 1671 1733 1745 ἀλλὰ
1772 1673 1921 1750 δῶρα

322 1758 560 1839 ἀγίνεον.
630 1756 746 1838 (διὰ
773 1757 832 1817 δὲ
856 1758 1064 1842 ταύτην
1089 1758 1195 1834 τήν
1222 1759 1469 1829 ἐπίταξιν
1490 1763 1592 1819 τοῦ
1619 1759 1801 1837 φόρου
1829 1762 1920 1820 καὶ

321 1845 698 1924 παραπλήσια
718 1845 889 1925 ταύτῃ
905 1845 1077 1918 ἄλλα,
1097 1847 1335 1929 λέγουσι
1355 1847 1639 1924 Πέρσαιε
1598 1874 1668 1912 ως
1684 1853 1920 1926 Δαρεῖος

319 1937 424 2012 μὲν
448 1934 520 2011 ἦν
545 1934 816 2012 κάπηλος·
857 1934 1183 2013 Καμβυσης
1220 1935 1279 1994 δὲ
1310 1934 1604 2011 δεσπότης·
1646 1940 1835 2014 Κῦρος
1860 1938 1919 1996 δὲ

321 2023 528 2102 πατήρ·
570 2022 604 2084 6
633 2026 738 2101 μὲν
765 2022 852 2083 ὅτι
879 2023 1189 2099 ἐκαπήλευε
1218 2023 1402 2084 πάντα
1424 2049 1499 2083 τα
1522 2022 1845 2104 πρήγματα·
1885 2025 1919 2086 6

321 2111 445 2171 δέ”
413 2137 500 2174 οτι
529 2111 782 2192 χαλεπός
813 2136 878 2171 τε
907 2109 979 2186 ἦν
1006 2112 1098 2170 καὶ
1136 2105 1427 2191 ολίγωρος·
1469 2109 1503 2171 6
1540 2111 1667 2170 δὲ
1634 2137 1724 2172 οτι
1756 2111 1920 2188 ἤπιός

226 2201 305 2261 90
320 2226 399 2270 τε,
429 2201 522 2259 καὶ
553 2199 739 2279 ἀγαθά
771 2205 884 2275 σφι
914 2199 1098 2259 πάντα
1128 2198 1573 2279 ἐμηχανήσατο.)
1638 2198 1784 2272 Ἀπό
1817 2203 1920 2278 μὲν

321 2287 390 2362 δη
415 2286 627 2355 Ἰώνων,
657 2287 750 2345 καὶ
780 2285 1100 2366 Μαγνήτων
1128 2290 1241 2345 τῶν
1274 2292 1332 2346 ἐν
1361 2291 1433 2364 τῇ
1456 2286 1644 2364 Ἀσίῃ,
1673 2288 1766 2347 καὶ
1790 2292 1919 2350 Aeo-

322 2374 481 2442 λέων,
529 2372 622 2431 καὶ
670 2376 892 2449 Καρῶν,
941 2372 1034 2431 καὶ
1079 2374 1314 2442 Λυκίων,
1362 2374 1455 2433 καὶ
1500 2375 1779 2446 Μιλυέων,
1827 2378 1920 2436 καὶ

321 2459 675 2566 Παμφύλων,
705 2459 807 2540 (εις
831 2460 942 2539 γοὶρ
966 2458 1037 2535 ἦν
1064 2462 1118 2520 οἷ
1148 2462 1483 2572 τεταγμένος
1508 2461 1686 2540 φόρος
1718 2461 1919 2544 ουτος,)

319 2547 560 2624 προσήῖε
597 2546 934 2623 τετρακόσια
971 2547 1225 2607 τάλαντα
1271 2548 1548 2628 οἷργυρίου.
1635 2548 1670 2609 6
1708 2552 1813 2626 μὲν
1852 2549 1920 2627 δὴ

321 2639 538 2710 πριῖπος
564 2632 725 2697 ουτός
751 2661 804 2693 οι
835 2634 1003 2712 νομὰς
1030 2633 1386 2710 κατεστήκεε.
1454 2635 1567 2696 από
1600 2637 1659 2696 δὲ
1686 2641 1919 2708 Μυσῶν,

321 2722 414 2780 καὶ
437 2722 650 2792 Λυδῶν,
677 2722 772 2781 καὶ
796 2723 1107 2794 Λασονίων,
1138 2723 1232 2782 καὶ
1258 2724 1589 2799 Καβαλίων,
1616 2726 1711 2784 καὶ
1734 2725 1921 2809 ’Υγεν-

319 2810 468 2883 νέων,
514 2809 859 2869 πεντακόσια
902 2810 1175 2871 τάλαντα·
1227 2811 1399 2888 νομός
1443 2811 1692 2889 δεύτερος
1741 2811 1918 2878 οὗτος.

320 2896 432 2958 ‹in-<3
465 2897 524 2957 δὲ
548 2897 1012 2973 Ἑλλησποντίων
1034 2902 1147 2959 τῶν
1174 2898 1267 2958 ἐπὶ
1298 2898 1450 2968 δεξιὰ
1482 2902 1801 2971 ἐσπλέοντι,
1831 2902 1923 2960 καὶ

319 2989 567 3067 Φρυγῶν,
596 2984 690 3044 καὶ
723 2985 976 3062 Θρηίκων
1003 2991 1115 3046 τῶν
1146 2988 1206 3046 ἐν
1235 2988 1308 3064 τῇ
1331 2985 1520 3065 Ἀσίῃ,
1548 2989 1641 3046 καὶ
1673 2993 1921 3064 Παφλα-

317 3070 510 3152 γόνων,
549 3072 642 3132 καὶ
683 3072 1100 3148 Μαριανδυνῶν,
1137 3073 1229 3131 καὶ
1266 3073 1493 3149 Συρίων,
1527 3073 1795 3149 ἐξήκοντα
1832 3077 1923 3135 καὶ

319 3160 618 3238 τριηκόσια
658 3156 730 3236 ἦν
769 3159 1022 3220 τάλαντα
1062 3160 1260 3237 φόρος·
1302 3160 1472 3238 νομός
1514 3162 1701 3238 τρίτος
1740 3160 1921 3228 οὗτος.

320 3243 437 3307 cin-6
465 3248 525 3308 δὲ
555 3249 806 3309 Κιλίκων
833 3248 996 3308 ἵπποι
1023 3273 1087 3308 τε
1119 3248 1313 3306 λευκοὶ
1349 3247 1617 3322 ἐξήκοντα
1642 3249 1737 3307 καὶ
1769 3273 1921 3325 τριη-
