2267 3517
315 135 381 181 54
764 125 770 129 “
939 132 1308 183 ἨΡΟΔΟΤΟΤ
1844 128 1919 191 [Ῑ.

315 206 405 285 ἦν·
445 209 615 287 χωρὶς
653 210 758 285 μὲν
787 208 899 290 γὰρ
933 209 1140 288 φόρων,
1174 209 1489 291 (ἔπρησσον
1522 206 1636 289 γοῖρ
1677 206 1925 268 ἑκάστων
2003 249 2008 253 -

318 294 385 356 τό
411 294 706 357 ἑκάστοισι
735 295 1095 375 ἑπιβάλλον,)
1122 298 1292 375 χωρὶς
1318 298 1379 356 δὲ
1408 299 1509 355 τοῦ
1539 294 1721 372 φόρου
1745 293 1925 372 ἥρπα-

317 384 414 455 ζον
445 383 897 461 περιελαύνοντες
929 390 1096 445 τοῦτο
1131 385 1164 446 ὅ
1200 410 1257 445 τι
1290 385 1470 462 ἔχοιεν
1504 384 1751 443 ἕκαστοι.
1832 384 1925 459 καὶ

273 520 276 523 -
318 470 527 532 τούτων
566 474 670 549 μὲν
707 471 838 535 τοῦς
875 476 1121 535 πλεῦνας
1163 471 1461 548 Κυαξάρης
1498 496 1561 530 τε
1602 471 1695 529 καὶ
1734 470 1928 546 Μῆδοι.

321 559 656 629 ξεινίσαντες
696 560 790 620 καὶ
819 560 1316 637 ,καταμεθύσαντες
1356 557 1790 635 κατεφόνευσαν·
1833 560 1926 619 καὶ

321 648 462 708 οὕτω
487 640 856 709 ’ἀνεσώσαντο
886 648 990 724 τὴν
1024 647 1206 727 ἀρχὴν
1241 647 1434 723 Μῆδοι
1469 647 1563 707 καὶ
1598 645 1927 723 ἐπεκράτεον

316 740 428 795 τῶν
446 760 553 813 περ
577 736 673 802 καὶ
697 734 985 814 πρότερον·
1026 738 1120 796 καὶ
1144 735 1249 811 τήν
1271 761 1335 795 τε
1358 738 1537 795 Νῖνον
1564 733 1731 806 εἶλον,
1752 733 1848 813 (ὥς
1866 734 1926 794 δὲ

323 823 492 894 εἷλον,
521 828 579 883 ἐν
612 824 853 900 ἑτέροισι
878 823 1110 905 λόγοισι
1140 822 1418 904 δηλώσω,)
1447 822 1541 882 καὶ
1563 821 1694 884 τοῦς
1716 820 1927 881 Ἀσσυ-

318 911 470 988 ρίους
501 910 852 990 ὑποχειρίους
879 911 1219 988 ἐποιήσαντο
1252 910 1413 987 πλὴν,
1431 914 1534 985 τῆς
1558 910 1927 985 Βαβυλωνίης

317 999 536 1077 μοίρης·
575 999 720 1076 μετοὶ
755 999 816 1059 δὲ
849 1004 1041 1071 ταῦτα,
1077 998 1377 1076 Κυαξάρης
1410 1000 1531 1075 μὲν,
1567 996 1927 1073 βασιλεύσας

319 1086 738 1165 τεσσεράκοντα
763 1088 889 1147 ἔτεα
911 1087 1021 1148 σῦν
1043 1091 1199 1148 τοῖσι
1225 1085 1439 1151 Σκύθαι
1461 1084 1651 1163 ἦρξαν,
1671 1088 1925 1165 τελευτᾷ.

230 1175 342 1235 107
363 1173 680 1235 Ἐκδέκεται
705 1175 767 1235 δὲ
791 1174 1112 1287 Ἀστυάγης
1138 1174 1444 1252 Κυαξάρεω
1470 1176 1603 1235 παῖς
1625 1172 1731 1248 τὴν
1753 1174 1926 1249 βασι-

319 1263 504 1339 ληιην·
537 1264 635 1323 καί
657 1266 712 1323 οἱ
738 1264 955 1343 ἐγένετο
983 1262 1231 1345 θυγάτηρ
1251 1267 1323 1341 τῇ
1350 1260 1561 1337 οὔνομα
1588 1262 1743 1321 ἔθετο
1768 1266 1926 1321 Μαν-

319 1350 509 1426 δάνην·
547 1350 654 1426 τὴν
701 1350 882 1411 ἐδόκεε
919 1350 1243 1432 Ἀστυάγης
1283 1356 1341 1410 ἐν
1379 1354 1458 1429 τῷ
1494 1348 1648 1409 ὕπνω
1688 1348 1927 1427 οιρῆσαι

318 1442 593 1498 τοσοῦτον
629 1437 775 1498 ὥστε
813 1441 1041 1515 πλῆσαι
1078 1440 1184 1514 μὲν
1217 1435 1321 1514 τὴν
1358 1440 1559 1497 ἑωυτοῦ
1590 1436 1777 1507 πόλιν,
1811 1442 1927 1496 ἑπι-

321 1525 671 1586 κατακλύσαι
703 1526 764 1588 δὲ
805 1527 898 1585 καὶ
935 1525 1041 1602 τὴν
1070 1525 1275 1602 Ἀσίην
1304 1530 1517 1607 πᾶσαν·
1557 1523 1927 1603 υπερθὲμενος

319 1613 380 1673 δὲ
408 1617 520 1673 τῶν
550 1612 746 1695 μάγων
768 1617 924 1674 τοῖσι
955 1612 1371 1692 ὀνειροπόλοισι
1400 1612 1469 1673 τό
1500 1611 1766 1684 ἐνύπνιον,
1794 1617 1927 1689 ε’φο·

316 1700 476 1777 βήθη
500 1700 631 1779 παρ’
657 1700 836 1762 αὕτῶν
861 1700 1002 1762 αὐτοὶ
1027 1704 1241 1762 ἕκαστα
1270 1700 1485 1779 μαθών.
1553 1698 1697 1777 μετὰ
1721 1701 1797 1771 δὲ,
1822 1699 1927 1777 τὴν

319 1788 623 1867 Μανδάνην
645 1788 868 1865 ταύτην,
891 1794 1094 1851 εὀῦσαν
1117 1790 1225 1866 ἤδη
1252 1787 1515 1867 οἷνδρός“
1474 1789 1697 1867 ωραίην,
1717 1786 1927 1864 Μήδων

318 1878 424 1953 μὲν
454 1881 566 1937 τῶν
598 1880 798 1937 ἑωυτοῦ
829 1876 997 1947 ἀξίων
1028 1876 1208 1939 οὐδενὶ
1240 1877 1386 1937 διδοῖ
1409 1880 1647 1958 γυναῖκα
1674 1876 1927 1940 δεδοικὼς

319 1963 425 2039 τὴν
443 1962 592 2041 ὄψιν·
621 1992 652 2026 ο
637 1954 740 2025 δὲ
765 1968 967 2044 Πέρσῃ
988 1966 1132 2026 διδοῖ
1153 1970 1230 2044 τῷ
1256 1964 1467 2042 οὕνομα
1491 1962 1563 2039 ἦν
1581 1962 1923 2040 Καμβύσης,

237 2096 271 2123 e
315 2051 416 2112 τόν
441 2078 664 2131 ευρισκε
690 2054 866 2129 οἰκίης
895 2057 998 2131 μὲν
1025 2053 1187 2115 ἐόντα
1214 2052 1431 2134 οἷγαθῆς
1462 2050 1675 2129 τρόπου
1703 2051 1825 2112 δὲ
1787 2077 1926 2128 ησυ-

315 2140 459 2217 χίου,
481 2146 682 2220 πολλῷ
703 2142 887 2219 ἔνερθε
911 2140 1060 2223 ἄγων
1079 2140 1250 2202 αύτὸν
1272 2141 1453 2219 μέσου
1480 2138 1677 2218 α’νδρός
1700 2138 1923 2215 Μήδου.

227 2229 338 2287 108
356 2228 759 2304 Συνοικεούσης
805 2230 866 2288 δὲ
909 2234 987 2307 τῷ
1034 2228 1332 2307 Καμβύσῃ
1376 2232 1479 2303 τῆς
1524 2226 1843 2303 Μανδάνης,
1890 2227 1925 2288 ὅ

313 2314 631 2395 Ἀστυάγης
665 2319 743 2393 τῷ
777 2316 993 2411 πρώτω
1005 2316 1112 2375 ἔτεϊ
1150 2315 1260 2375 εἶδε
1296 2314 1483 2391 ἄλλην
1508 2314 1659 2392 ὄψιν.
1741 2314 1925 2376 ἐδόκεε

315 2402 380 2462 δέ
422 2405 476 2462 οἱ
503 2407 563 2461 ἐκ
606 2406 717 2461 τῶν
763 2392 993 2464 αἰδοίων
1030 2408 1132 2480 τῆς
1179 2402 1453 2485 θυγατρός
1501 2402 1706 2479 ταύτης
1752 2407 1925 2479 φῦναι

316 2488 591 2567 αμπελον,
607 2489 712 2565 τὴν
733 2490 793 2550 δὲ
819 2489 1122 2568 αμπελον’
1097 2494 1353 2571 επισχεῖν
1370 2489 1475 2566 τὴν
1492 2489 1695 2567 Ἀσίην
1708 2495 1922 2552 πᾶσαν·

317 2577 444 2639 ῑδων
475 2578 534 2637 δὲ
566 2582 734 2639 τοῦτο
769 2603 864 2638 και
897 2578 1269 2657 υπερθέμενος
1300 2582 1455 2639 τοῖσι
1488 2576 1922 2656 ὀνειροπόλοισι,

316 2667 714 2746 μετεπεμψατο
742 2670 805 2726 ἐκ
834 2693 945 2728 των
969 2668 1239 2745 Περσέων
1263 2666 1369 2742 τήν
1395 2666 1724 2747 θυγατέρα’
1699 2668 1925 2727 επίτεκα

319 2758 540 2828 ἐοῦσαν,
595 2754 935 2833 ἀπικομένην
987 2756 1046 2815 δὲ
1100 2755 1401 2832 ἑφύλασσε
1452 2754 1804 2833 βουλόμενος
1854 2754 1923 2816 τὸ

315 2842 656 2924 γεννώμενον
684 2844 745 2915 ἐξ
769 2843 938 2921 αύτῆς
965 2845 1304 2921 διαφθεῖραι·
1342 2849 1403 2903 ἐκ
1426 2842 1538 2924 γάρ
1558 2848 1614 2904 οἱ
1637 2849 1740 2919 τῆς
1764 2842 1925 2920 ὄψιος

315 2934 371 2990 οἱ
405 2936 516 2992 τῶν
549 2930 743 3012 μάγων
781 2931 1132 3009 ὀνειροπόλοι
1170 2928 1491 3008 ἐσήμαινον,
1520 2931 1609 2991 ὅτι
1643 2933 1852 3009 μέλλοι
1890 2930 1924 2991 ὅ

312 3023 413 3096 τῆς
439 3019 712 3101 θυγατρός
745 3019 917 3079 αὐτοῦ
941 3019 1107 3100 γόνος
1139 3018 1513 3095 βασιλεύσειν
1540 3018 1661 3080 οἷντὶ
1695 3020 1921 3079 ἐκείνου.

312 3112 491 3169 ταῦτα
514 3107 581 3184 δὴ
611 3106 686 3169 ὦν
713 3106 1154 3184 φυλασσόμενος
1186 3106 1217 3165 ὁ
1242 3105 1577 3187 Ἀστυάγης,
1608 3107 1679 3169 ὥς
1706 3106 1923 3187 ἐγένετο

313 3194 348 3255 ὅ
379 3200 584 3275 Κῦρος,
611 3196 860 3258 καλέσας
873 3194 1169 3275 ’Ἀρπαγον
1204 3193 1379 3272 ἄνδρα
1410 3195 1637 3271 οἶκήϊον,
1667 3194 1761 3253 καὶ
1790 3216 1923 3251 πισ-

313 3281 547 3345 τότατόν
565 3310 627 3347 τε
653 3282 864 3360 Μήδων
891 3282 984 3343 καὶ
1008 3281 1229 3343 πάντων
1249 3282 1550 3359 ἐπίτροπον
1567 3285 1681 3342 τῶν
1701 3282 1929 3350 ἑωυτοῦ,-
