2267 3517
322 127 418 174 264
932 125 1299 176 ·HPOA0·1·0‘r
1782 125 1922 191 [ΠΙ.

319 209 377 268 ἐς
419 203 488 264 τὸ
533 203 734 281 μέσον·
783 204 816 264 ὁ
863 205 925 264 δὲ
967 205 1205 265 ἐνθαῦτα
1256 203 1326 280 δή
1372 203 1447 264 ὧν
1492 204 1760 280 ἐκφαίνει,
1812 205 1929 280 φοὶς

319 290 586 369 α’τρεκέως
627 295 730 370 μὲν
778 291 877 352 οὖκ
922 292 1267 352 ἐπίστασθαι
1314 291 1603 368 ὁμιλήσας
1650 292 1709 350 δὲ
1758 295 1927 372 ἰητρῷ

319 380 648 457 φλαύρως”
619 405 766 459 εχειν
789 380 894 456 τήν
917 381 1140 458 τέχνην·
1181 405 1325 457 μετα
1350 378 1498 448 δὲ,
1458 405 1529 442 ως
1554 383 1609 438 οἷ
1634 380 1924 459 ἐπέτρεψε,

317 466 708 544 Ἑλληνικοῖσι
748 467 950 544 ιήμασι
989 466 1303 546 χρεώμενος
1349 467 1441 526 καὶ
1486 465 1627 541 ἤπια
1666 467 1811 545 μετοὶ
1850 493 1926 528 τα

321 554 528 634 ἰσχυροὶ
569 554 889 634 προσάγων,
933 555 1110 615 ὕπνου
1154 555 1222 614 τέ
1258 580 1357 631 μιν
1395 554 1703 635 λαγχάνειν
1743 557 1926 616 ἐποίεε

321 644 414 702 καὶ
439 649 498 704 ἐν
522 643 706 723 χρόνῳ
730 641 965 723 ὄλίγῳ“
931 643 1090 724 υγιέα
1115 667 1215 719 μιν
1240 641 1403 702 ἐόντα
1428 640 1675 713 ἀπέδεξε,
1704 642 1924 720 οὗὸαμα

319 731 402 789 ἔτι
445 732 744 802 ἐλπίζοντα
785 729 1052 808 α’ρτίπουν
1099 731 1351 790 ἔσεσθαι.
1434 728 1691 806 δωρέεται
1723 730 1793 807 δή
1826 757 1927 809 μιν

319 818 462 894 μετὰ
495 821 671 879 ταῦτα
699 817 731 878 ὅ
758 822 996 896 Δαρεῖος
1027 817 1235 877 πεδέων
1259 816 1513 896 χρυσέων
1542 817 1642 876 δύο
1680 817 1922 900 ζεύγεσι·

322 904 355 964 ὁ
381 906 446 966 δέ
467 932 564 983 μιν
591 907 855 983 ἐπείρετο,
880 907 936 965 ἐἴ
967 909 1021 966 οἱ
1047 905 1353 980 διπλήσιον
1378 904 1445 964 τὸ
1473 902 1647 965 κακόν
1672 907 1923 982 ἐπίτηδες

320 995 471 1072 νέμει
511 993 598 1056 ὅτι
635 1020 734 1071 μιν
773 993 932 1076 ὗγιέα.
974 993 1241 1070 ἐποίησε;
1291 992 1487 1068 ἡσθεὶς
1522 992 1584 1051 δὲ
1622 997 1700 1071 τῷ
1736 994 1853 1053 ἔπεϊ
1888 994 1923 1056 ὅ

321 1086 560 1160 Δαρεῖος
597 1082 920 1159 ἀποπέμπει
956 1107 1056 1158 μιν
1090 1079 1247 1158 παρᾰ.
1277 1080 1378 1144 τσῖς
1409 1084 1612 1140 ἑωυτοῦ
1635 1085 1920 1162 γυναῖκας·

271 1212 280 1220 -
317 1171 665 1252 παράγοντες
690 1172 750 1230 δὲ
777 1174 832 1231 οἱ
857 1169 1111 1248 εὐνοῦχοι
1138 1171 1333 1249 ἔλεγον
1351 1167 1494 1245 πρὸς
1518 1166 1618 1230 τοῖς
1641 1173 1921 1249 γυναῖκας,

320 1257 391 1322 ὥς
419 1259 662 1336 βασιλέϊ
691 1256 852 1322 οὗτος
893 1258 976 1334 εἴη
1013 1257 1074 1320 ὃς
1111 1257 1217 1333 τήν
1252 1256 1441 1335 ψυχήν
1481 1254 1745 1316 ἀπέδωκε·
1784 1257 1921 1318 ὕπο·-

318 1346 609 1406 κύπτουσα
649 1347 710 1406 δὲ
752 1345 958 1406 αὐτέων
998 1343 1210 1420 ἑκάστη
1251 1344 1435 1422 φιάλῃ
1476 1348 1531 1406 ἐς
1568 1347 1671 1404 τοῦ
1701 1350 1921 1422 χρυσοῦ

316 1434 420 1508 τὴν
453 1433 628 1510 θήκην
662 1433 919 1510 ἐδωρέετο
953 1432 1291 1508 Δημοκήδεα
1323 1429 1465 1490 οὕτω
1498 1430 1568 1506 δη
1598 1457 1654 1490 τι
1694 1432 1923 1511 δαψιλέϊ

317 1520 506 1599 δωρεῇ,
535 1520 607 1583 ὥς
630 1545 758 1583 τους
783 1519 1203 1583 ἀποπίπτοντας
1226 1517 1341 1579 «ivd
1366 1523 1476 1578 τῶν
1504 1519 1756 1594 φιαλέων
1780 1545 1919 1581 στα.-

316 1611 490 1684 τῆρας
535 1607 800 1683 ἑπόμενος
840 1606 873 1666 ὁ
915 1606 1147 1682 οἰκέτης,
1191 1610 1271 1684 τῷ
1312 1605 1527 1683 οὕνομα
1572 1605 1645 1682 ἦν
1688 1607 1916 1680 Σκίτων,

317 1694 632 1776 α’νελέγετο·
691 1695 788 1754 καί
829 1697 884 1754 οἶ
924 1697 1119 1774 χρῆμα
1164 1665 1388 1754 πολλόν
1426 1720 1485 1755 τι
1527 1699 1747 1773 χρυσοῦ
1786 1721 1918 1758 συν·-

316 1783 542 1861 ελέχθη.

223 1873 334 1931 131
419 1871 489 1930 ‘O
518 1872 582 1931 δὲ
605 1872 939 1950 Δημοκήδης
959 1869 1118 1936 οὗτος
1146 1867 1302 1932 οἶδε’
1276 1898 1337 1931 εκ
1364 1870 1720 1949 Κρότωνος’
1682 1873 1919 1954 απιγμέ-

317 1985 410 2024 νος
439 1959 796 2042 Πολυκράτεϊ
827 1960 1102 2038 ωμίλησε·
1144 1959 1316 2036 πατρὶ
1348 1959 1637 2039 συνείχετο
1672 1965 1731 2020 ἐν
1766 1961 1915 2038 Κρό-

316 2074 444 2109 τωνι
497 2048 676 2130 ὀργήν
725 2052 976 2128 χαλεπῷ·
1029 2052 1228 2108 τοῦτον
1270 2048 1395 2106 ἐπεί
1438 2072 1503 2108 τε
1544 2047 1647 2107 οὐκ
1688 2048 1917 2109 ἐδύνατο

315 2139 522 2216 φέρειν,
559 2135 853 2196 ἀπολιπών
896 2137 1084 2216 οἴχετο
1125 2142 1183 2199 ἐς
1222 2136 1475 2216 Αἴγιναν·
1530 2136 1817 2201 καταστάς
1855 2138 1917 2197 δὲ

315 2231 370 2288 ἐς
395 2225 617 2300 ταύτην,
644 2227 722 2302 τῷ
747 2222 944 2303 πρώτῳ
972 2225 1080 2283 ἔτεϊ
1103 2221 1491 2300 ὖπερεβάλετο
1510 2223 1640 2287 τοῦς
1664 2223 1916 2302 πρώτους

316 2313 547 2390 ἷητροῦς,
583 2310 822 2387 ἀσκευής
860 2336 968 2388 περ
1008 2310 1110 2371 ἐῶν
1142 2311 1235 2371 καὶ
1276 2311 1416 2390 ἔχων
1456 2309 1617 2372 οὐδὲν
1654 2316 1765 2373 τῶν
1800 2311 1916 2374 ὅσα

313 2402 442 2477 περὶ
465 2399 569 2476 τήν
593 2399 796 2478 τέχνην
822 2400 946 2460 ἐστὶ
975 2399 1267 2480 ἐργαλήϊα·
1311 2399 1409 2456 καί
1426 2423 1526 2475 μιν
1550 2398 1783 2480 δευτέρῳ
1808 2401 1917 2461 ἔτεϊ

310 2486 588 2548 ταλάντου
625 2489 922 2568 Αἰγινῆται
961 2486 1207 2565 δημοσίῃ
1246 2487 1595 2563 μισθεῦνται·
1646 2489 1815 2567 τρίτῳ
1853 2489 1917 2550 δὲ

314 2577 423 2636 ἔτεϊ
451 2574 742 2650 Ἀθηναῖοι
771 2573 970 2635 ἑκατὸν
997 2573 1196 2651 μνέων·
1236 2573 1477 2653 τετάρτῳ
1504 2575 1563 2633 δὲ
1590 2575 1698 2634 ἔτεϊ
1724 2579 1913 2636 Πολυ-

313 2661 518 2740 κράτης
555 2662 697 2722 ὃυῶν
727 2661 1036 2724 ταλάντων.
1109 2660 1254 2722 οὕτω
1291 2665 1395 2739 μὲν
1434 2661 1667 2723 ἀπίκετο
1708 2668 1763 2726 ἔς
1808 2662 1915 2740 τήν

318 2749 530 2828 Σάμον.
611 2751 706 2810 καὶ
750 2748 865 2810 α’πό
907 2749 1108 2812 τούτου
1152 2753 1255 2810 τοῦ
1304 2749 1503 2828 ἅνδρός
1548 2749 1647 2810 οῦκ
1700 2749 1911 2826 ἥκιστα

311 2841 695 2916 Κροτωνιῆται
737 2839 915 2916 ἰητροὶ
962 2837 1355 2916 εὐδοκίμησαν.
1423 2837 1642 2919 ἐγένετο
1682 2838 1795 2919 γὰρ
1838 2839 1914 2901 ὦν

310 2931 477 2987 τοῦτο
512 2925 605 2987 ὅτε
643 2929 853 3004 πρῶτοι
878 2928 982 3002 μὲν
1009 2930 1394 3002 Κροτωνιῆται
1437 2927 1616 3003 ἰητροὶ
1647 2928 1912 3008 ἐλέγοντο

309 3014 416 3076 ἀνοὶ
434 3013 536 3090 τὴν
559 3013 812 3073 Ἑλλάδα
841 3013 997 3073 εἶναι·
1033 3011 1277 3090 δεύτεροι
1304 3012 1380 3083 δὲ,
1403 3017 1730 3089 Κυρηναῖοι·
1766 3021 1911 3075 κατοὶ

307 3103 407 3162 τᾶν
442 3100 612 3176 αρτὃν
642 3102 702 3161 δὲ
739 3099 946 3179 χρόνον
985 3100 1080 3159 καὶ
1115 3099 1364 3180 Ἀργεῖοι
1392 3098 1597 3176 ἤκουον
1625 3101 1909 3177 μουσικήν

216 3189 330 3246 132
352 3188 492 3249 εἶναι
523 3187 814 3265 Ἑλλήνων
851 3190 1084 3264 πρῶτοι.
1164 3185 1309 3247 Τότε
1338 3186 1399 3245 δὲ
1424 3184 1458 3245 ὅ
1485 3185 1824 3262 Δημοκήδης
1850 3192 1911 3248 ἐν

321 3281 460 3335 ὀῖσι
502 3275 778 3340 Σούσοισι
817 3273 1180 3352 ἐξιησάμενος
1222 3277 1477 3350 Δαρεῖον,
1516 3271 1671 3332 οἶκόν
1707 3297 1771 3332 τε
1814 3275 1911 3348 με’-
