2267 3517
335 122 435 179 274
949 120 1316 170 ἨΡΟΔΟΤΟΤ
1808 115 1939 180 [ΠῙ.

246 203 360 263 152
379 201 484 272 ζων
509 197 578 260 ἂν
600 197 834 277 ἡμίονον
855 202 1054 260 τεκεῖν·
1083 198 1267 259 Ἑπτά
1292 199 1352 258 δὲ
1376 200 1565 276 μηνῶν
1582 197 1672 258 καὶ
1690 199 1941 258 ἐνιαυτοῦ

338 285 735 364 διεληλυθότος
757 285 882 362 ἤδη,
899 286 932 346 ὁ
959 285 1197 363 Δαρεῖός
1220 312 1283 346 τε
1301 285 1568 364 ἤσχαλλε
1588 286 1679 344 καὶ
1704 284 1741 360 ἦ
1769 309 1939 363 στρα-

337 373 430 451 τιὴ
463 379 626 434 πᾶσα
653 373 720 434 σι’
748 374 953 449 δυνατὴ
993 378 1167 434 ἐοῦσα
1194 377 1343 434 ἑλεῖν
1364 371 1495 436 τούς
1520 373 1939 448 Βαβυλωνίους·

340 463 438 522 καί
462 488 552 523 τοι
589 461 775 522 πάντα
811 463 1153 538 σοφίσματα
1189 463 1282 520 καὶ
1314 461 1503 524 πάσας
1527 459 1785 539 μηχανὰς
1817 465 1940 520 ε’πε-

337 550 565 626 ποιήκεε
599 554 656 614 ἐς
695 547 896 612 αὐτοῦς
939 553 1199 627 Δαρεῖος·
1252 548 1385 608 ἀλλ”
1434 547 1547 608 οὔδ’
1596 549 1667 612 ὣς
1713 547 1941 608 ἐδύνατο

341 641 490 699 ἑλεῖν
528 637 730 714 σφέας,
770 635 1011 697 ἅλλοισί
1051 662 1113 696 τε
1153 639 1487 714 σοφίσμασι
1532 636 1943 713 πειρησάμενος

340 726 433 786 καὶ
458 725 527 802 δὴ
554 726 648 784 καὶ
671 729 749 804 τῷ
773 727 960 801 Κῦρος
986 725 1105 784 εἷλέ
1127 731 1312 800 σφεας
1338 725 1431 784 καὶ
1454 723 1629 802 τούτῳ
1656 722 1940 800 ἐπειρήθη·

343 813 502 874 ἀλλὰ
529 813 640 895 γάρ
678 813 863 876 δεινῶς
891 811 1042 888 ἦσαν
1075 818 1134 872 ἐν
1162 816 1457 892 φυλακῇσι
1482 815 1539 875 οἱ
1562 810 1938 888 Βαβυλώνιοι,

342 901 473 962 οὐδέ
495 908 681 977 σφεας
706 899 821 964 οἶός
843 925 905 959 τε
929 899 1001 976 ἦν
1026 903 1195 960 ἑλεῖν.

249 991 367 1055 153
446 989 740 1059 Ἑνθαῦτα,
771 992 1002 1066 εἰκοστῷ
1027 989 1178 1064 μηνὶ,
1206 987 1449 1067 Ζωπύρῳ
1480 991 1559 1066 τῷ
1596 985 1945 1068 Μεγαβύζου

341 1076 405 1141 ὃς
426 1081 540 1139 τῶν
565 1076 706 1136 ἑπτὰ
730 1075 942 1153 ἀνδρῶν
967 1076 1185 1156 ἐγένετο
1210 1079 1321 1136 τῶν
1338 1074 1439 1136 τόν
1458 1074 1665 1154 Μάγον
1685 1072 1941 1134 κατελόν-

341 1191 468 1236 των,
494 1164 696 1226 τούτου
727 1167 830 1224 τοῦ
867 1163 1217 1244 Μεγαβύζου
1256 1163 1416 1223 παιδὶ
1448 1162 1690 1243 Ζωπύρῳ
1724 1163 1945 1244 ἐγένετο

341 1255 506 1331 τέρας
527 1253 675 1314 τάδε·
715 1256 826 1312 τῶν
845 1254 906 1310 ,οἱ
933 1251 1254 1328 σιτοφόρων
1276 1249 1523 1326 ἡμιόνων
1545 1251 1649 1326 μία
1674 1251 1841 1310 ἔτεκε·
1874 1249 1946 1327 αἱς

349 1342 414 1402 δέ
443 1345 498 1401 οἳ
541 1341 854 1422 ἐξαγγέλθη
881 1340 973 1399 καὶ
997 1339 1108 1400 ὖπὸ
1140 1339 1407 1413 ἀπιστίης
1432 1338 1598 1402 αὖτός
1622 1338 1655 1398 ὅ
1684 1338 1948 1416 Ζώπυρος

354 1427 465 1487 εἶδε
487 1427 554 1489 τό
579 1429 817 1505 βρέφος,
843 1426 1084 1490 α’πείπας
1109 1431 1264 1487 τοῖσι
1300 1425 1556 1487 δούλοισι
1580 1426 1776 1503 μηδενὶ
1801 1425 1947 1503 φρά-

349 1517 464 1588 ζειν
499 1515 568 1576 τό
607 1515 855 1597 γεγονός,
897 1513 1255 1590 ἐβουλεύετο·
1319 1516 1417 1574 καί
1452 1517 1507 1574 οἳ
1546 1514 1689 1592 πρός
1732 1513 1804 1574 τοὶ
1845 1518 1948 1574 τοῦ

349 1605 720 1680 Βαβυλωνίου
744 1601 984 1679 ῥήματα,
1013 1601 1074 1665 ὃς
1099 1602 1219 1663 κατ’
1246 1601 1424 1680 α’ρχοὶς
1451 1603 1633 1678 ἔφησε
1652 1601 1817 1662 ἐπεάν
1839 1627 1947 1679 περ

346 1691 573 1770 ἡμίονοι
595 1692 800 1752 τέκωσι
825 1689 956 1750 τότε
981 1689 1050 1750 τὸ
1076 1694 1263 1768 τεῖχος
1288 1689 1637 1759 ἁλώσεσθαι,
1657 1688 1798 1766 πρός
1818 1689 1949 1750 ταύ-

346 1805 453 1856 την
485 1779 592 1855 τήν
625 1779 822 1856 φήμην
859 1777 1100 1857 Ζωπύρῳ
1138 1777 1320 1839 ἐδόκεε
1352 1777 1491 1838 εἶναι
1520 1777 1810 1854 ἁλώσιμος
1839 1776 1949 1853 ἤδη

349 1867 390 1944 ἤ
422 1866 726 1944 Βαβυλών·
767 1865 876 1926 σῦν
909 1865 1020 1947 γὰρ
1055 1867 1163 1945 θεῷ
1189 1865 1397 1926 ἐκεῖνόν
1420 1891 1483 1926 τε
1508 1868 1681 1925 εἰπεῖν
1707 1865 1798 1924 καὶ
1823 1868 1949 1925 ἑωυ-

255 1958 374 2017 154
387 1960 466 2035 τῷ
504 1959 684 2016 τεκεῖν
708 1954 815 2030 τήν
839 1953 1091 2031 ἡμίονον.
1157 1953 1255 2019 Ὡς
1282 1954 1345 2014 δέ
1368 1956 1423 2013 οἶ
1452 1951 1634 2013 ἐδόκεε
1666 1953 1951 2030 μόρσιμον

353 2043 491 2104 εἶναι
515 2043 623 2120 ἤδη
647 2047 720 2122 τῇ
747 2045 1056 2119 Βαβυλῶνι
1088 2041 1447 2113 ἁλίσκεσθαι,
1474 2040 1810 2119 προσελθών
1835 2049 1949 2101 Δα·

348 2133 477 2212 ρείῳ
515 2130 948 2202 ἀπεπυνθάνετο,
981 2134 1030 2190 εἰ
1063 2130 1193 2206 περὶ
1229 2133 1452 2189 πολλοῦ
1491 2129 1668 2207 κάρτα
1706 2131 1952 2190 ποιέεται

349 2219 454 2296 τὴν
493 2221 816 2295 Βαβυλῶνα
855 2219 1038 2287 ἑλεῖν,
1079 2217 1391 2296 πυθόμενος
1421 2217 1483 2277 δὲ
1522 2217 1594 2280 ὥς
1622 2221 1847 2277 πολλοῦ
1869 2241 1951 2277 τι-

350 2311 521 2385 {upa-0,
559 2304 707 2366 ἄλλο
746 2304 1080 2382 ἐβουλεύετο
1115 2304 1253 2369 ὅκως
1289 2303 1454 2368 αύτός
1478 2329 1541 2364 τε
1562 2305 1726 2365 ἔσται
1752 2305 1785 2365 ὁ
1810 2305 1953 2366 ἑλῶν

283 2453 290 2462 ,
353 2393 528 2470 ufir-»511
546 2394 638 2454 καὶ
667 2396 868 2454 ἑωυτοῦ
891 2391 956 2453 τό
984 2394 1148 2473 ἔργον
1168 2393 1345 2452 ἔσται·
1386 2391 1563 2470 κάρτα
1584 2393 1697 2474 γοὶρ
1724 2397 1783 2453 ἐν
1799 2397 1955 2454 τοῖσι

353 2482 620 2561 Πέρσῃσι
659 2485 718 2541 αἶ
757 2480 1120 2561 ἀγαθοεργίαι
1154 2485 1209 2544 ἐς
1240 2480 1308 2540 τὸ
1341 2481 1538 2557 πρόσω
1576 2481 1851 2562 μεγάθεος
1873 2507 1954 2541 τι·

354 2573 585 2648 μῶνται.
653 2568 814 2648 ἄλλῳ
845 2568 950 2646 μέν
984 2594 1082 2628 νυν
1117 2566 1217 2628 οὐκ
1250 2568 1523 2647 ἐφράζετο
1561 2569 1701 2650 ἔργῳ
1727 2569 1956 2633 δυνατὰς

359 2657 503 2718 εἶναί
535 2682 637 2734 μιν
673 2655 1002 2735 ὑποχειρίην
1041 2659 1298 2732 ποιῆσαι,
1342 2659 1391 2716 ἐἰ
1432 2655 1479 2714 δ’
1526 2657 1725 2717 ἑωυτὸν
1764 2659 1957 2733 λωβη-

355 2744 600 2821 σάμενος
639 2743 1052 2821 αὐτομολήσειε
1092 2749 1149 2807 ἐς
1189 2743 1399 2807 αὐτούς.
1473 2745 1713 2805 ἐνθαῦτα
1744 2751 1803 2805 ἐν
1830 2749 1958 2804 ε’λα-

355 2836 482 2913 φρῷ
503 2831 898 2910 ποιησάμενος,
919 2830 1120 2893 ἑωυτόν
1133 2833 1397 2908 λωβᾶται
1415 2831 1613 2909 λώβην
1629 2832 1957 2909 ἀνήκεστον·

351 2919 657 2997 οἶποταμῶν
678 2917 791 3000 γοὶρ
829 2922 1032 2978 ἑωυτοῦ
1065 2918 1171 2994 τήν
1194 2922 1322 2995 ῥῖνα
1362 2920 1454 2978 καὶ
1477 2918 1551 2978 τοὶ
1579 2919 1709 2989 ὦτα,
1739 2921 1833 2979 καὶ
1856 2919 1961 2994 τὴν

356 3008 534 3085 κόμην
561 3009 739 3069 κακῶς
763 3006 1092 3082 περικείρας,
1109 3007 1204 3065 καὶ
1228 3005 1616 3087 μαστιγώσας,
1634 3006 1780 3082 ἦλθε
1806 3007 1961 3083 παρὰ

263 3097 377 3155 155
397 3097 656 3173 Δαρεῖον.
739 3096 976 3170 Δαρεῖος
1015 3093 1076 3151 δὲ
1117 3092 1293 3170 κάρτα
1330 3093 1554 3169 βαρέως
1590 3091 1790 3168 ἤνεικε,
1834 3093 1962 3153 ἰδιόν

355 3181 530 3260 ἄνδρα
560 3179 937 3257 δοκιμώτατον
962 3180 1384 3257 λελωβημένον·
1428 3181 1487 3237 ἔκ
1524 3202 1587 3238 τε
1617 3184 1719 3238 τοῦ
1758 3179 1965 3258 θρόνου

379 3267 727 3344 ’ναπηδήσας
756 3266 1018 3343 ἀνέβωσέ
1050 3291 1113 3327 τε
1145 3266 1237 3325 καὶ
1274 3263 1452 3342 εἴρετό
1476 3289 1591 3341 μιν,
1620 3264 1779 3330 ὅστις
1806 3266 1890 3342 εἴη
1926 3266 1965 3325 ὁ
