2267 3517
348 117 571 183 37-43]
926 119 1382 172 MBAHOMENH.
1851 117 1952 167 293

346 195 581 274 Ἰνδικῆς
625 197 863 260 οἰκέεται
904 196 1099 273 Ἀσίη·
1141 199 1212 260 ra
1251 199 1313 259 δὲ
1351 197 1470 260 α’πδ
1499 196 1704 273 ταύτης
1739 199 1948 274 ἑρῆμος

346 284 457 361 ἤδη
478 285 546 345 τὰ
576 285 714 362 πρὸς
737 287 842 362 τήν
865 284 966 362 ήῶ,
994 285 1107 346 οὐδ’
1134 287 1252 366 ἔχει
1275 283 1452 348 οὐδεὶς
1489 282 1710 360 φράσαι
1737 282 1856 342 οἷον
1881 281 1952 357 δή

345 373 408 433 τί
428 377 571 433 ἐστι·
611 373 841 449 τοιαύτη
866 377 970 450 μὲν
994 375 1089 433 καὶ
1118 373 1370 449 τοσαύτη
1395 371 1434 447 ἦ
1459 370 1632 446 Ἀσίη
1660 371 1803 430 ἐστί.
1871 369 1946 430 ‘H
1966 371 2040 430 41

347 459 409 520 δὲ
447 459 641 538 Λιβύη
681 465 741 521 έν
777 465 850 540 τῇ
890 461 1034 540 ἀκτῇ
1071 465 1146 540 τῇ
1185 461 1344 540 ἑτέρῃ
1379 459 1525 519 ἐστί·
1565 457 1680 518 α’,πὸ
1713 456 1825 538 γὰρ
1849 461 1947 517 Αἷ-

345 547 563 629 yios-mv
601 549 795 626 Λιβύη
834 548 943 626 ἤδη
971 543 1288 610 ἐ’κδέκεται.
1374 545 1515 607 κατὰ
1560 547 1666 624 μέν
1709 571 1806 606 νυν
1851 546 1949 604 Αἴ-

345 661 560 716 γυπτον
579 636 617 713 ἦ
644 636 788 713 οἷκτή
815 636 957 712 αὕτη
982 636 1178 712 στεινή
1206 641 1351 696 ἔστι·
1379 633 1494 695 «ind
1519 634 1632 715 γὰρ
1649 633 1826 709 τῆσδε
1848 637 1951 710 τῆς

349 723 651 801 θαλάσσης
677 729 733 789 ἐς
756 724 861 800 τήν
884 722 1164 802 Ἐρυθρήν
1203 723 1509 784 θάλασσαν
1533 722 1666 782 δέκα
1691 721 1952 799 μυριάδες

348 813 461 872 εἰσὶ
487 812 767 894 ὀργυιέων·
809 809 975 872 αὗται
1007 812 1054 872 δ’
1081 810 1152 872 ἂν
1176 811 1286 872 εἶεν
1309 813 1490 892 χίλιοι
1514 810 1755 870 στάδιοι·
1793 807 1862 869 τὸ
1889 809 1950 869 δὲ

348 897 465 960 «ivd
515 904 617 961 τοῦ
663 905 886 962 στεινοῦ
936 900 1140 962 τούτου
1191 898 1368 976 κάρτα
1416 898 1640 960 πλατέα
1687 895 1952 978 τυγχάνει

349 990 523 1048 εόΰσα
556 987 596 1065 ἦ
631 987 773 1064 ‹im-v)
808 987 931 1064 ἥτις
967 986 1164 1063 Λιβύη
1197 986 1480 1063 κέκληται.

430 1076 715 1153 Θωυμάζω
751 1075 826 1136 ὧν
855 1079 968 1137 τῶν
993 1074 1390 1153 διουρισάντων
1416 1075 1510 1134 καὶ
1533 1072 1826 1134 διελόντων
1849 1079 1947 1133 Λι·
1965 1075 2044 1134 42

348 1161 498 1238 βύην
521 1188 584 1223 τε
610 1166 702 1225 καὶ
725 1162 931 1241 Ἀσίην
959 1164 1053 1224 καὶ
1074 1162 1370 1241 Εὐρώπην·
1411 1161 1477 1223 οὗ
1500 1160 1613 1243 γὰρ
1637 1159 1852 1239 σμικροὶ
1875 1161 1950 1221 τοὶ

351 1250 690 1329 διαφέροντα
726 1251 933 1312 αὐτέων
969 1252 1112 1312 ε’στί·
1153 1250 1320 1328 μήκεῖ
1343 1252 1447 1327 μὲν
1470 1249 1582 1331 γσῖρ
1607 1247 1737 1327 παρ’
1763 1247 1949 1324 ἄμφο-

348 1339 512 1416 τέρας
544 1339 782 1416 παρήκει
811 1338 850 1415 ἤ
881 1338 1143 1417 Εύριύπη,
1171 1337 1356 1417 εὔρεος
1385 1337 1446 1398 δὲ
1479 1338 1624 1414 πέρι,
1653 1335 1780 1396 οὐδὲ
1803 1361 1946 1413 συμ-

348 1427 585 1503 βαλέειν
622 1427 752 1504 ἀξίη
793 1427 1058 1503 φαίνεταί
1090 1453 1191 1505 μοι
1237 1425 1394 1486 εἶναι.
1459 1426 1654 1502 Λιβύη
1689 1426 1796 1503 μὲν
1832 1451 1946 1506 γαρ

351 1513 522 1591 δηλοῖ
556 1514 761 1592 εωυτῆν
800 1518 975 1576 ἐοῦσα
1012 1515 1358 1593 περίρρυτος,
1397 1514 1552 1590 πλην
1597 1512 1737 1574 ὅσον
1779 1510 1952 1588 αὐτῆς

348 1629 493 1681 προς
517 1629 622 1681 την
645 1603 849 1681 Ἀσίην
875 1603 1095 1682 οὐρίζει,
1121 1603 1288 1664 Νεκω
1310 1606 1413 1664 τοῦ
1439 1603 1753 1683 Αἰγυπτίων
1777 1602 1951 1677 βασι-

346 1692 482 1774 λέος
512 1693 737 1770 πρώτου
769 1719 881 1754 των
905 1692 1069 1769 ἡμεῖς
1102 1691 1262 1769 ἴδμεν
1288 1688 1775 1760 καταδέξαντος·
1743 1714 1806 1752 ος
1829 1686 1956 1749 ε’πεί

348 1804 413 1839 τε
436 1780 540 1856 τὴν
560 1781 801 1860 διώρυχα
821 1780 1111 1841 ἐπαύσατο
1136 1778 1396 1856 ὀρύσσων
1407 1777 1512 1854 τὴν
1532 1783 1594 1838 ἐκ
1611 1781 1713 1838 τοῦ
1728 1774 1949 1838 Νείλου

350 1865 648 1946 διέχουσαν
678 1875 735 1932 ἔς
764 1867 867 1930 τᾶν
902 1867 1180 1945 Ἀράβιον
1217 1867 1448 1937 κόλπον,
1485 1864 1783 1943 ἀπέπεμψε
1820 1865 1952 1924 Φοί·

351 1979 506 2018 νικας
544 1954 747 2034 ἄνδρας
776 1956 1051 2026 πλοίοισι,
1080 1954 1520 2032 ε’ντειλάμενος’
1494 1979 1550 2017 ες
1574 1978 1641 2013 το
1667 1951 1854 2012 οπίσω
1877 1950 1949 2012 δι’

350 2038 707 2117 Ἠρακληΐων
746 2043 1003 2119 στηλέων
1032 2041 1394 2103 διεκπλεειν”
1367 2064 1464 2103 εως
1495 2044 1551 2102 ἔς
1579 2064 1686 2114 την
1709 2039 1953 2144 βορηῖην

355 2125 675 2200 θάλασσαν,
712 2130 805 2194 καὶ
838 2156 979 2190 ουτω
1012 2135 1067 2194 ες
1098 2130 1385 2212 Αἴγυπτον
1415 2126 1796 2188 ἀπικνέεσθαι.
1855 2124 1949 2204 ὅρ-

352 2214 690 2290 μηθέντες*
650 2243 725 2278 ων
756 2243 812 2278 οι
846 2219 1148 2283 Φοίνικες’
1120 2244 1184 2278 εκ
1207 2221 1310 2294 τῆς
1332 2216 1606 2294 Ἐρυθρῆς
1629 2211 1950 2291 θαλάσσης,

353 2301 555 2361 ἔπλεον
577 2303 681 2378 τὴν
704 2305 894 2382 νοτίην
918 2304 1245 2367 θάλασσαν·
1285 2304 1423 2368 ὅκως
1447 2305 1508 2366 δὲ
1524 2304 1760 2414 γίνοιτο,ι
1755 2301 1951 2380 φθινό-

351 2413 556 2465 πωρον,
596 2392 1009 2472 προσίσχοντες
1048 2392 1119 2454 αν
1159 2393 1498 2470 σπείρεσκον
1538 2417 1644 2468 την
1682 2394 1809 2473 γῆν,
1859 2391 1950 2452 ἵνα

354 2476 619 2538 ἑκάστοτε
662 2483 765 2555 τῆς
807 2479 1029 2557 Λιβύης
1072 2481 1340 2544 πλέοντες
1377 2481 1644 2562 γινοίατο,
1685 2480 1779 2540 καὶ
1821 2480 1951 2556 μέν·

352 2588 523 2625 εσκον
543 2565 645 2627 τόν
670 2565 902 2644 ἄμητον·
930 2568 1250 2646 θερίσαντες
1275 2567 1321 2627 δ’
1336 2565 1405 2629 ἂν
1417 2567 1520 2629 τᾶν
1539 2572 1702 2629 σῖτον
1727 2568 1949 2629 ἔπλεον·

352 2651 498 2714 ὥστε
537 2652 636 2713 δύο
674 2655 835 2715 ε’τέων
866 2655 1277 2727 διεξελθόντων,
1300 2656 1468 2736 τρίτῳ
1495 2658 1604 2717 ἔτεϊ
1631 2655 1949 2735 κάμψαντες

349 2738 697 2818 Ἡρακληίας
729 2741 949 2819 στήλας
981 2742 1250 2804 α’πίκοντο
1276 2747 1334 2807 ές
1358 2744 1664 2825 Αἴγυπτον·
1707 2744 1800 2804 καὶ
1830 2744 1945 2804 ἔλε-

348 2853 469 2908 γον,
503 2830 627 2909 ἐμοὶ
664 2832 770 2907 μὲν
810 2829 877 2892 ού
914 2830 1095 2892 πιστὰ
1134 2829 1296 2912 ἄλλῳ
1335 2823 1416 2891 δὲ’
1435 2831 1506 2908 δή
1539 2858 1661 2911 τεῳ,
1693 2831 1766 2895 ὥς
1795 2857 1948 2908 περι-

347 2916 632 2981 πλώοντες
657 2917 763 2994 τήν
793 2917 1019 2996 Λιβύην
1047 2917 1150 2980 τὸν
1173 2917 1368 2995 ἠέλιον
1403 2919 1575 2999 ἔσχον
1600 2925 1658 2983 ές
1680 2918 1754 2980 τὰ
1777 2918 1947 2988 δεξιά.

350 3003 513 3064 Οὕτω
552 3008 657 3082 μὲν
686 3005 827 3083 αὕτη
863 3006 1117 3088 ἐγνώσθη
1141 3006 1210 3070 τὰ
1241 3011 1482 3084 πρῶτον·
1521 3007 1665 3084 μετοὶ
1691 3006 1768 3078 δὲ,
1796 3012 1947 3082 Καρ-
1964 3007 2044 3069 43

346 3092 603 3172 χηδόνιοί
638 3098 751 3155 εἰσι
776 3097 833 3155 οἱ
857 3096 1136 3177 λέγοντες·
1179 3096 1300 3156 ἐπεὶ
1326 3095 1636 3171 Σατάσπης
1658 3121 1727 3177 γε
1753 3094 1786 3157 ὅ
1812 3093 1949 3154 Τεά-

346 3205 535 3252 σπιος,
575 3180 717 3261 ἀνὴρ
755 3181 1162 3264 Ἀχαιμενίδης,
1207 3183 1272 3245 ού
1313 3184 1666 3261 περιέπλωσε
1706 3181 1946 3259 Λιβύην,

347 3268 435 3330 ἐπ’
466 3268 605 3334 αὗτό
641 3275 811 3334 τοῦτο
839 3271 1139 3351 πεμφθείς·
1178 3269 1337 3332 άλλοὶ
1367 3270 1558 3334 δείσας
1586 3269 1655 3330 τό
1679 3296 1742 3331 τε
1765 3275 1945 3347 μῆκος
