2267 3517
335 148 560 214 75—77]
1029 148 1254 199 mmo.
1414 126 1423 135 ’
1876 152 1939 206 37

337 230 402 289 δὲ
437 228 532 289 καὶ
565 228 633 289 τό
662 228 930 307 παράπαν
957 228 1193 310 λέγουσι
1230 228 1323 287 καὶ
1355 254 1425 289 το
1456 226 1695 309 σ’,ρχαῖον
1720 229 1947 309 ῥέεθρον

339 316 813 393 ἀποξηρανθῆναι·
854 315 1010 376 ἄλλα
1039 321 1207 377 τοῦτο
1240 318 1345 392 μὲν
1378 314 1443 377 ού
1474 316 1799 395 προσίεμαι·
1841 322 1948 383 κῶς

338 404 454 486 γοῖρ
481 404 664 464 ὀπίσω
689 403 1052 481 πορευόμενοι
1079 404 1358 481 διέβησαν
1384 402 1588 464 αὐτόν·
1572 450 1589 475 ,

425 494 678 569 Κροῖσος
696 491 772 562 δὲ,
795 493 921 552 ἐπεί
939 518 1004 553 τε
1028 492 1233 568 διαβσῖς
1254 490 1365 552 σῦν
1381 495 1459 571 τῷ
1476 495 1699 571 στρατῷ
1718 492 1946 553 ἀπίκετο
1964 496 2042 555 76

341 582 447 655 τῆς
470 580 876 656 Καππαδοκίης
903 586 959 643 ἐς
987 578 1094 656 τήν
1119 580 1367 657 Πτερίην
1394 580 1757 656 καλεομένην·
1800 579 1861 660 (ἦ
1888 580 1948 641 δὲ

345 666 560 745 Πτερίη
587 667 712 727 ἐστὶ
737 670 840 744 τῆς
862 665 1048 747 χῶρης
1071 666 1275 743 ταύτης
1298 666 1367 729 τό
1394 665 1779 747 ἰσχυρότατον,
1809 666 1951 729 κατὰ

344 754 600 831 Σινώπην
634 754 807 815 πόλιν
840 755 946 832 τήν
987 759 1048 814 ἐν
1081 753 1323 834 Εὐξείνῳ
1360 754 1547 833 πόντῳ
1584 753 1839 831 μάλιστά
1878 781 1949 833 κη

343 842 607 922 κειμένη·)
637 844 872 904 ἐνθαῦτα
899 842 1413 921 ἐστρατοπεδεύετο,
1440 844 1685 919 φθείρων
1706 846 1819 905 τῶν
1844 844 1949 907 Συ-

341 929 474 1005 ρίων
502 929 633 994 τοῦς
663 930 922 1007 κλήρους.
1005 930 1099 989 καὶ
1131 929 1249 989 εἷλε
1286 933 1391 1007 μὲν
1418 933 1531 991 τῶν
1561 931 1813 1008 Πτερίων
1842 930 1950 1008 τήν

343 1016 530 1088 πόλιν,
572 1018 666 1077 καὶ
703 1016 1173 1095 ἠνδραποδίσατο·
1217 1016 1337 1077 εἷλε
1375 1018 1437 1077 δὲ
1473 1017 1575 1081 τοὶς
1612 1018 1950 1095 περιοικίδας

343 1101 514 1179 αὐτῆς
538 1104 747 1168 πάσας·
790 1104 1022 1183 Συρίους
1044 1130 1110 1167 τε
1136 1104 1297 1166 οὐδὲν
1322 1104 1513 1168 ἐόντας
1544 1104 1750 1168 αἰτίους
1776 1105 1949 1165 άνασ-

341 1189 540 1255 τάτους
569 1193 820 1269 ἐποίησε.
881 1197 1070 1271 Κῦρος
1095 1193 1159 1253 δὲ
1184 1192 1407 1275 ἀγείρας
1431 1191 1532 1253 τᾶν
1552 1195 1751 1252 ἑωυτοῦ
1779 1218 1951 1271 στρα·
1996 1264 2003 1271 ,

343 1276 446 1338 τόν
476 1280 570 1338 καὶ
607 1280 959 1357 παραλαβών
987 1280 1118 1344 τούς
1158 1280 1367 1357 μεταξῦ
1406 1280 1685 1344 οἰκέοντας
1720 1280 1949 1352 πάντας,

342 1364 601 1441 ἠντιοῦτο
641 1367 892 1449 Κροίσῳ·
939 1370 1073 1446 πρὶν
1112 1368 1175 1429 δὲ
1214 1366 1527 1439 ἐξελαύνειν
1560 1366 1813 1445 ὁρμῆσαι
1849 1369 1952 1430 τᾶν

346 1452 609 1531 στρατόν,
650 1455 878 1534 πέμψας
918 1456 1158 1533 κήρυκας
1197 1459 1253 1520 ἐς
1290 1455 1423 1521 τοῦς
1455 1454 1653 1519 Ἴωνας
1693 1456 1951 1533 ἐπειρᾶτό

343 1548 530 1618 σφεας
553 1541 668 1604 α’πδ
689 1544 947 1621 Κροίσου
967 1542 1365 1621 άπιστάμεναι·
1395 1541 1583 1607 Ἴωνες
1605 1545 1711 1622 μέν
1729 1569 1825 1605 νυν
1845 1543 1947 1604 οὐκ

344 1631 651 1692 ἐπείθοντο.
734 1636 924 1709 Κῦρος
949 1632 1009 1693 δὲ
1035 1631 1108 1695 ὥς
1133 1631 1363 1692 α’πίκετο
1390 1632 1485 1691 καὶ
1508 1631 1947 1710 ἀντεστρατοπε-

343 1716 582 1779 δεύσατο
615 1719 884 1798 Κροίσῳ,·
900 1720 1139 1780 ἐνθαῦτα
1170 1725 1229 1780 ἐν
1258 1723 1331 1798 τῇ
1371 1720 1585 1799 Πτερίῃ
1618 1719 1775 1800 χώρῃ
1807 1724 1947 1780 ἐπει-

339 1804 522 1882 ρῶατο
544 1807 686 1869 κατὰ
703 1807 770 1867 vd
793 1806 1029 1887 ἰσχυρόν
1047 1806 1338 1883 α’λλήλων.
1388 1807 1577 1887 μάχης
1600 1808 1661 1867 δὲ
1681 1813 1948 1887 καρτερῆς

339 1896 640 1974 γενομένης
676 1895 772 1955 καὶ
807 1894 1098 1956 πεσόντων
1133 1894 1469 1974 α’μφοτέρων
1500 1899 1751 1965 πολλῶν,
1784 1897 1950 1960 τέλος

344 1980 620 2059 οὐδέτεροι
643 1982 971 2059 νικήσαντες
995 1984 1321 2061 διέστησαν,
1347 1982 1542 2048 νυκτός
1568 1982 1933 2059 ἐπελθούσης.

425 2072 542 2129 Καὶ
570 2070 644 2131 τά
685 2074 790 2147 μὲν
827 2071 1187 2149 στρατόπεδα
1224 2070 1521 2151 ἀμφότερα
1551 2070 1721 2133 οὕτως
1749 2069 1945 2151 ἠγωνί-
1961 2072 2039 2134 77

345 2179 506 2226 σατο,
552 2160 806 2235 Κροῖσος
856 2159 920 2219 δὲ
967 2160 1249 2238 μεμφθεὶς
1300 2158 1443 2219 κατὰ
1492 2157 1561 2218 τὰ
1610 2159 1833 2234 πλῆθος
1875 2158 1945 2219 τὰ

343 2246 550 2304 ἑωυτοῦ
576 2246 914 2323 στράτευμα·
955 2247 1053 2328 (ἦν
1073 2247 1187 2329 γάρ
1213 2250 1269 2307 οἱ
1299 2245 1332 2307 ὅ
1358 2244 1678 2326 συμβαλών
1703 2244 1947 2323 στρατὸς

339 2330 568 2392 πολλὰν
595 2332 856 2395 ἐλάσσων
879 2332 917 2411 ἦ
943 2336 977 2396 ὅ
1005 2336 1241 2416 Κύρου·)
1270 2338 1438 2397 τοῦτο
1460 2334 1755 2412 μεμφθεὶς,
1778 2334 1849 2399 ὥς
1873 2338 1947 2413 τῇ

339 2419 612 2499 ὑστεραίῃ
645 2420 746 2481 οὐκ
777 2426 1036 2501 ἐπειρᾶτο
1066 2422 1236 2483 ἐπιών
1268 2422 1302 2483 ὅ
1337 2426 1541 2499 Κῦρος,
1570 2422 1857 2499 ἀπήλαυνε
1888 2429 1945 2486 ἐς

340 2507 442 2571 τοὶς
482 2508 699 2587 Σάρδις,
734 2515 794 2571 ἐν
825 2510 933 2591 νόῳ
973 2511 1129 2591 ἔχων,
1160 2512 1564 2589 παρακαλέσας
1600 2513 1705 2587 μὲν
1735 2515 1949 2593 Αἷγυπή

339 2597 491 2660 τίους
541 2597 686 2657 κατὰ
731 2597 800 2659 τό
853 2597 1058 2676 ὅρκιον,
1115 2598 1447 2679 (ἐποιήσατο
1496 2597 1609 2679 γὰρ
1662 2598 1755 2657 καὶ
1804 2598 1946 2677 πρός

335 2682 585 2760 Ἀμασιν
608 2684 994 2759 βασιλεύοντα
1015 2686 1305 2767 Αἰγύπτου
1329 2686 1657 2765 συμμαχίην
1673 2684 1947 2764 πρότερον

340 2769 486 2848 ἥπερ
515 2772 660 2851 πρός
686 2773 1200 2854 Λακεδαιμονίους,)
1226 2772 1730 2853 μεταπεμψάμενος
1760 2774 1823 2834 δὲ
1852 2774 1947 2834 καὶ

342 2860 758 2935 Βαβυλωνίους,
783 2862 901 2941 (καὶ
923 2860 1036 2943 γοὶρ
1060 2862 1205 2940 πρὸς
1226 2860 1455 2925 τούτους
1478 2861 1625 2941 αὐτῷ
1650 2863 1947 2938 ἐπεποίητο

342 2947 660 3025 συμμαχίη·
690 2948 1004 3025 ἐτυράννευε
1023 2948 1084 3008 δὲ
1101 2952 1213 3009 τῶν
1227 2950 1607 3026 Βαβυλωνίων
1624 2949 1726 3010 τόν
1740 2950 1948 3029 χρόνον

340 3038 540 3094 τοῦτον
575 3034 978 3147 Λαβύνητος·>
995 3037 1334 3147 ἐπαγγείλας
1372 3037 1433 3096 δὲ
1472 3037 1565 3095 καὶ
1602 3038 1943 3111 Λακεδαιμο-

341 3120 493 3231 νίους
512 3128 768 3199 παρεῖναι
786 3130 843 3187 ἐς
866 3123 1073 3202 χρόνον
1097 3124 1284 3201 ρητον,
1305 3124 1513 3185 οἶλίσας
1538 3148 1601 3182 τε
1626 3123 1695 3198 δή
1712 3122 1941 3184 τούτους

343 3207 436 3267 καὶ
458 3208 565 3285 τήν
590 3212 790 3269 ἑωυτοῦ
822 3211 1106 3279 συλλέξας
1136 3211 1420 3286 στρατιὴν,
1449 3210 1673 3268 ἐνένωτο
1703 3231 1804 3266 τον
1825 3232 1941 3285 χει-

341 3300 498 3373 μῶνα
521 3298 717 3375 παρεὶς
741 3295 860 3373 ἅμα
877 3300 956 3373 τῷ
977 3296 1072 3372 ἦρι
1088 3296 1409 3371 στρατεύειν
1428 3295 1519 3352 ἐπι
1534 3316 1664 3353 τους
1688 3292 1940 3367 Πέρσας.
