2267 3517
313 119 415 166 210
925 117 1292 166 nPvo'ro‘r
1782 113 1911 178 [ΠΙ.

315 194 547 270 οἷληθέα,
577 194 761 274 (ἥκετε
788 194 900 275 γὰρ
941 193 1215 255 κατόπται
1238 197 1341 269 τῆς
1377 195 1514 270 ε’μῆς
1544 191 1765 273 ἅρχῆς,)
1792 190 1919 252 οὔτε

319 284 522 344 ἐκεῖνος
548 280 688 359 ἀνήρ
716 287 839 342 ἔστι
865 282 1089 345 δίκαιος·
1134 285 1184 341 εἰ
1216 281 1329 363 γὰρ
1355 279 1425 356 ἦν
1457 280 1680 364 δίκαιος,
1710 278 1821 340 ουτ’
1850 277 1920 339 ἂν

320 368 638 446 ἐπεθύμησε
677 368 862 449 χώρης
906 368 1088 445 ἄλλης
1127 366 1166 445 ἢ
1204 374 1307 444 τῆς
1355 371 1555 428 ἑωυτοῦ
1603 365 1716 427 οὔτ’
1757 365 1827 427 ἂν
1865 373 1921 431 ἐς

309 455 666 532 ,δουλοσύνην
702 455 1096 532 ἅνθρώπους’
1059 483 1166 536 ηγε
1194 455 1285 516 ὑπ’
1322 453 1397 516 ὧν
1436 455 1609 532 μηδὲν
1646 453 1921 534 ἠδίκηται·

319 549 415 604 νῦν
448 544 508 603 δὲ
554 543 702 623 αὐτῷ
733 543 899 614 τόξον
926 544 1055 605 τόδε
1095 545 1336 608 διδόντες
1373 543 1506 604 τάδε
1538 545 1671 602 ἔπεα
1708 545 1922 625 λέγετε·

322 631 604 695 Βασιλευς
654 659 687 691 ο
742 631 1025 693 Αἰθιόπων
1092 631 1476 710 συμβουλεύει
1525 636 1604 710 τῷ
1655 632 1925 741 ῌερσέων
1987 665 1991 668 ·

321 720 578 798 βασιλέϊ,
639 718 805 779 ε’πεοῖν
857 746 1002 780 ουτω
1064 719 1330 809 εὐπετέως
1390 721 1597 779 ελκωσι
1661 746 1736 779 τα
1786 718 1925 790 τόξα

327 808 550 885 Πέρσαι
587 807 748 868 ε’όντα
789 808 1022 890 μεγάθεΐ
1059 812 1328 878 τοσαῦτα,
1368 806 1498 868 τότε
1538 806 1620 866 ἐπ’
1651 808 1926 872 Αἰθίοπας

329 922 459 959 τους
485 895 854 977 Μακροβίους
887 895 1096 972 πλήθεί
1130 894 1634 974 ὑπερβαλλόμενον
1661 896 1926 973 στρατεύ-

333 985 516 1044 εσθαι·
563 984 732 1063 μέχρι
767 983 829 1043 δὲ
850 983 1050 1044 τούτου
1085 985 1270 1044 θεοῖσι
1311 984 1507 1044 εἰδέναι
1538 982 1720 1062 χάριν,
1748 983 1803 1042 οἳ
1829 982 1928 1043 οὐκ

333 1072 425 1132 ε’πὶ
451 1071 579 1133 νόον
608 1073 882 1148 τρέπουσι
906 1071 1191 1134 Αἰθιόπων
1216 1073 1382 1132 παισὶ
1406 1075 1517 1152 γῆν
1543 1071 1727 1147 ἄλλην
1751 1098 1929 1148 προσ·-

240 1161 317 1221 22
335 1161 576 1220 κτᾶσθαι
605 1164 677 1239 τῇ
715 1159 958 1221 ἑωυτῶν.
1028 1165 1249 1220 Ταῦτα
1282 1160 1342 1219 δὲ
1374 1160 1546 1229 εἴπας,
1575 1159 1667 1217 καὶ
1694 1158 1839 1223 ανεὶς
1862 1160 1929 1220 τό

328 1247 512 1318 τόξον,
538 1248 821 1324 παρέδωκε
848 1251 1002 1308 τοῖσι
1029 1247 1250 1324 ἥκουσι·
1292 1247 1493 1323 λαβών
1524 1247 1585 1306 δὲ
1614 1245 1682 1306 *ro*
1712 1247 1841 1325 εἷμα
1863 1246 1929 1307 τό

331 1334 666 1412 πορφύρεον,
703 1335 900 1414 εἰρώτα
938 1335 971 1395 ὅ
1008 1363 1064 1396 τι
1096 1336 1180 1412 εἴη
1212 1336 1305 1395 καὶ
1344 1334 1484 1399 ὅκως
1517 1335 1925 1411 πεποιημένον·
1912 1381 1928 1406 ,

335 1420 601 1482 εἰπάντων
652 1423 712 1482 δὲ
748 1427 860 1483 τῶν
898 1423 1289 1504 Ἰχθυοφάγων
1333 1422 1438 1499 τήν
1490 1421 1767 1499 ἀληθηΐην
1804 1423 1933 1501 περὶ

332 1514 434 1586 τῆς
470 1509 766 1588 πορφύρης
806 1511 899 1570 καὶ
949 1516 1050 1587 τῆς
1102 1513 1320 1587 βαφῆς,
1364 1510 1625 1588 ὃολεροῦς
1664 1513 1768 1589 μὲν
1805 1511 1934 1575 τούς

334 1596 655 1675 ἀνθρώπους
694 1599 804 1674 ἔφη
845 1599 984 1658 εἶναι
1025 1597 1232 1676 ὃολεροὶ
1279 1599 1340 1658 δὲ
1380 1597 1559 1659 αὖτῶν
1596 1599 1669 1660 τοὶ
1711 1598 1931 1677 εἵματα·

335 1685 560 1762 δεύτερα
585 1685 661 1755 δὲ,
701 1685 801 1746 τόν
836 1690 1086 1766 χρυσοῦν
1122 1684 1319 1763 εἰρώτα
1354 1685 1633 1764 στρεπτόν
1657 1686 1757 1748 τᾶν
1781 1711 1933 1764 περι·-

338 1772 591 1854 αυχένιον
632 1773 724 1832 καὶ
757 1772 831 1833 τοὶ
860 1775 1051 1853 ψέλια·
1095 1774 1467 1855 ἐξηγεομένων
1493 1774 1554 1834 δὲ
1581 1778 1691 1835 τῶν
1720 1773 1933 1854 Ἰχθυο-

337 1858 534 1942 φάγων
567 1859 668 1921 τὸν
704 1859 938 1940 κόσμον,
955 1860 1153 1932 αὐτῶν,
1179 1862 1432 1943 γελάσας
1464 1861 1498 1922 ὅ
1522 1861 1801 1939 βασιλεῦς
1842 1863 1935 1922 καὶ

335 1949 574 2026 νομίσας
613 1949 757 2009 εἷναί
805 1957 963 2027 σφεα
1001 1951 1189 2020 πέδας,
1232 1948 1351 2010 εἶπε
1400 1949 1473 2014 ὥς
1510 1949 1640 2028 παρ’
1683 1951 1941 2011 {mm-0206

339 2040 450 2098 εἰσι
482 2037 907 2116 ῥωμαλεώτεραι
944 2037 1157 2100 τούτων
1190 2038 1371 2099 πέδαι·
1411 2038 1599 2116 τρίτον
1632 2037 1710 2110 δὲ,
1739 2037 1935 2116 εἰρώτα

335 2125 404 2186 τὸ
437 2124 634 2204 μύρον·
677 2125 942 2188 εἰπάντων
977 2127 1038 2186 δὲ
1073 2131 1177 2203 τῆς
1209 2126 1471 2203 ποιήσιος
1494 2126 1635 2203 πέρι
1670 2126 1763 2186 καὶ
1788 2126 1935 2186 ἀλεί-

340 2221 483 2290 ψιος,
501 2213 602 2274 τόν
628 2213 796 2274 αὐτὸν
822 2213 998 2296 λόγον
1021 2213 1122 2274 τᾶν
1150 2215 1243 2273 καὶ
1266 2214 1396 2292 περὶ
1420 2216 1521 2274 τοῦ
1549 2214 1772 2292 εἵματος
1798 2215 1935 2275 εἶπε·

341 2299 414 2375 ᾢς
447 2301 506 2359 δὲ
543 2305 598 2364 ἐς
631 2300 732 2362 τᾶν
768 2300 919 2362 οἶνον
959 2300 1191 2362 οἷπίκετο
1228 2302 1321 2361 καὶ
1357 2299 1593 2362 ἐπύθετο
1630 2297 1801 2360 αὐτοῦ
1832 2298 1941 2374 τήν

339 2387 585 2462 ποίησιν,
637 2386 974 2466 ὑπερησθεὶς
1021 2393 1101 2467 τῷ
1150 2388 1367 2466 πόματι
1419 2390 1666 2466 ἐπείρετο
1706 2385 1741 2447 ὅ
1782 2410 1841 2447 τι
1876 2410 1941 2446 τε

341 2475 587 2536 σιτέεται
613 2474 646 2535 ὅ
671 2476 967 2553 βασιλεῦς,
996 2478 1088 2535 καὶ
1114 2475 1320 2555 χρόνον
1352 2475 1561 2538 ὁκόσον
1589 2473 1941 2553 μακρότατον

341 2560 482 2638 ἀνὴρ
522 2560 755 2639 Πέρσης
787 2563 942 2634 ζώει;
987 2559 1139 2625 οἷ’δὲ
1171 2563 1464 2625 σιτέεσθαι
1498 2566 1602 2642 μὲν
1635 2563 1737 2624 τᾶν
1773 2561 1943 2639 ἄρτον

265 2729 268 2732 ⁴
344 2648 526 2720 εἶπαν,
561 2649 971 2731 ἐξηγησάμενοι
1009 2655 1120 2713 τῶν
1160 2657 1350 2730 πυρῶν
1387 2652 1492 2729 τήν
1538 2649 1732 2729 φύσιν,
1774 2649 1943 2733 ὀγδώ-

343 2761 513 2796 κοντα
538 2736 584 2796 δ’
613 2737 737 2797 ἔτεα
763 2737 892 2816 ζόης
925 2739 1204 2818 πλήρωμα
1242 2738 1400 2818 ἀνδρὶ
1432 2739 1785 2819 μακρότατον
1808 2763 1943 2814 προ-

345 2823 593 2885 κέεσθαι·
633 2825 775 2903 πρός
796 2831 974 2888 ταῦτα
999 2827 1031 2888 ὁ
1056 2829 1269 2906 Αἰθίοψ
1299 2829 1427 2904 ἔφη,
1455 2826 1613 2889 οὐδὲν
1639 2825 1947 2904 θωυμάζειν

348 2917 398 2972 εἰ
435 2912 748 2992 σιτεόμενοι
789 2913 998 2993 κόπρον
1033 2915 1157 2976 ἔτεα
1192 2915 1362 2997 ὀλίγα
1402 2914 1627 2986 ζώουσι·
1668 2913 1796 2975 οὐδὲ
1831 2913 1944 2994 γαρ

347 2999 416 3061 ἂν
449 3005 703 3062 τοσαῦτα
732 3000 1004 3064 δύνασθαι
1040 3002 1197 3074 ζώειν
1228 3002 1413 3079 σφέας
1441 3006 1488 3063 εἰ
1521 3001 1603 3079 μὴ
1629 3005 1707 3081 τῷ
1732 2999 1947 3078 πόματι

349 3087 642 3168 ἀνέφερον,
685 3088 912 3167 φράζων
961 3093 1117 3150 τοῖσι
1161 3089 1596 3172 Ἰχθυοφάγοισι
1636 3088 1740 3149 τόν
1780 3088 1947 3148 οἶνον·

256 3176 333 3236 23
349 3180 518 3237 τοῦτο
547 3177 659 3259 γὰρ
699 3176 929 3240 ἑωυτούς
963 3175 1077 3237 ovd
1104 3177 1374 3254 Περσέων
1408 3177 1743 3237 ἑσσοῦσθαι.
1824 3174 1951 3234 Ἀν-

350 3264 678 3342 τειρομένων
729 3265 790 3325 δὲ
839 3263 942 3326 τᾶν
977 3263 1237 3342 βασιλέα
1275 3268 1388 3324 τῶν
1422 3262 1812 3343 Ἰχθυοφάγων
1848 3265 1952 3337 τῆς
