2267 3517
277 142 344 193 ra
896 142 1268 192 ‘HPOAomo'r
1802 135 1873 201 [1.

187 218 301 279 157
395 216 468 277 Ὅ
501 220 608 295 μὲν
631 219 702 295 δὴ
731 225 910 281 ταῦτα
933 226 996 280 ἐκ
1018 224 1121 297 τῆς
1144 219 1279 281 ὁδοῦ
1313 217 1710 295 ἐντειλάμενος,
1735 214 1879 293 ἀπή-

275 309 450 365 λαυνε
479 310 543 369 ἐς.
567 306 710 382 ἤθεα
732 307 807 368 τὰ
830 308 1119 387 Περσέων.
1186 305 1452 383 Πακτύης
1476 306 1538 365 δὲ
1565 303 1879 380 πυθόμενος

279 390 462 474 ἀγχοῦ
501 394 640 455 εἶναι
670 395 916 474 στρατόν
942 395 1027 455 ἐπ’
1053 393 1253 456 ἐωυτόν
1280 393 1449 465 ἰόντα,
1476 394 1665 456 δείσας
1703 391 1881 471 ᾤχετο

280 480 500 562 φεύγων
540 487 596 545 ἐς
637 481 860 560 Κύμην.
927 482 1203 562 Μαζάρης
1244 482 1305 542 δὲ
1349 480 1382 541 ὅ
1423 481 1622 557 Μῆδος
1667 479 1882 544 ἐλάσας

280 569 374 628 ἐπὶ
403 568 505 632 τὰς
541 568 744 649 Σάρδις
771 575 873 631 τοῦ
910 570 1104 649 Κύρου
1142 573 1389 648 στρατοῦ
1414 573 1619 647 μοῖραν
1641 566 1881 644 ὁσηνδή-

283 682 412 719 κοτε
449 658 605 735 ἔχων,
645 656 716 720 ὥς
747 657 848 719 οὔκ
890 655 1014 736 εὗρε
1048 658 1129 719 ἔτι
1161 657 1350 721 ἐόντας
1383 655 1513 719 τοῦς
1546 655 1698 732 ἀμφὶ
1723 661 1881 715 Πακ-

278 743 417 820 τύην
448 750 506 805 ἐν
538 744 793 823 Σάρδισι,
825 750 1020 825 πρῶτα
1055 749 1161 822 μὲν
1189 744 1320 807 τούς
1350 742 1564 806 Αυδοῦς
1592 740 1881 823 ἠνάγκασε

279 830 381 894 τὰς
415 830 607 910 Κύρου
643 832 873 897 ἐντολὰς
893 833 1215 893 ἐπιτελέειν·
1256 838 1318 892 ἐκ
1340 831 1541 893 τούτου
1567 831 1625 890 δὲ
1652 834 1882 891 κελευσ-

281 919 531 997 μοσύνης
568 921 744 982 Λυδοὶ
781 920 885 997 τὴν
915 926 1111 982 πᾶσαν
1153 921 1369 982 δίαιταν
1410 923 1512 994 τῆς
1552 918 1682 995 ζόης
1723 919 1883 996 μετέ-

281 1009 490 1084 βαλον.
574 1008 848 1089 Μαζάρης
898 1010 959 1069 δὲ
1008 1009 1153 1086 μετὰ
1199 1013 1367 1070 τοῦτο
1412 1008 1624 1084 ἔπεμπε
1676 1011 1731 1070 ἐς
1778 1006 1883 1083 τὴν

283 1095 487 1174 Κύμην
517 1095 820 1178 ἀγγέλους,
839 1096 1112 1158 ἐκδιδόναι
1144 1095 1384 1158 κελεύων
1415 1094 1701 1171 Πακτύην·
1743 1096 1883 1157 οἶδὲ

283 1188 533 1260 Κυμαῖοι
573 1184 838 1266 ἔγνωσαν,
878 1186 1221 1262 συμβουλῆς
1254 1184 1387 1261 πέρι
1419 1189 1475 1248 ἐς
1509 1182 1639 1244 θεὸν
1668 1180 1882 1262 ἅνῷσαι

282 1270 380 1332 rav
416 1277 476 1332 ἐν
515 1274 892 1353 Βραγχίδῃσι·
933 1272 1005 1349 ἦν
1027 1273 1141 1354 ’γὰρ
1174 1272 1369 1333 αὐτόθι
1398 1271 1667 1351 μαντήϊον
1694 1276 1754 1330 ἐκ
1768 1294 1883 1330 ’πα-

281 1362 449 1419 λαιοΰ
492 1360 795 1437 ἱδρυμένον,
836 1365 916 1439 τῷ
947 1360 1136 1423 Ἴωνές
1171 1385 1236 1420 τε
1278 1358 1481 1423 πάντες
1520 1359 1614 1418 καὶ
1653 1359 1886 1423 Αἰολέες

285 1444 529 1506 ἐώθεσαν
553 1448 840 1525 χρέεσθαι·
881 1446 915 1507 ὅ
942 1447 1002 1507 δὲ
1026 1451 1210 1527 χῶρος
1234 1445 1397 1510 οὗτος
1424 1447 1547 1507 ἐστὶ
1570 1449 1672 1522 τῆς
1696 1450 1885 1523 Μιλη·

194 1535 307 1593 158
324 1533 453 1610 σιής
498 1532 638 1611 ὑπὲρ
685 1534 990 1612 Πανόρμου
1032 1536 1278 1613 λιμένος.
1338 1536 1673 1614 Πέμψαντες
1718 1534 1794 1595 ὦν
1830 1537 1886 1595 οἶ

287 1624 534 1699 Κυμαῖοι
576 1626 632 1685 ἐς
676 1623 806 1686 τοῦς
857 1624 1177 1704 Βραγχίδας
1229 1622 1592 1701 θεοπρόπους,
1635 1622 1886 1699 εἰρώτευν

283 1709 414 1785 περὶ
453 1708 721 1787 Πακτύην
759 1709 947 1771 ὁκοῖόν
985 1737 1041 1771 τι
1081 1711 1363 1775 ποιέοντες
1398 1712 1581 1771 θεοῖσι
1618 1712 1885 1788 μέλλοιεν

283 1797 641 1876 χαριεῖσθαι;
696 1801 1035 1877 ἐπειρωτῶσι
1075 1798 1138 1857 δέ
1174 1805 1290 1875 σφι
1327 1804 1505 1859 ταῦτα
1542 1798 1885 1877 χρηστήριον

288 1884 508 1966 ἐγένετο
549 1894 586 1921 “
604 1885 873 1947 ἐκδιδόναι
925 1886 1192 1963 Πακτύην
1239 1884 1556 1967 Πέρσῃσι.”
1612 1890 1790 1947 ταῦτα
1824 1886 1885 1945 δὲ

285 1972 358 2037 ὥς
387 1972 782 2053 ἀπενειχθέντα
812 1972 1065 2052 ἥκουσαν
1091 1978 1147 2034 οἱ
1184 1979 1448 2052 Κυμαῖοι,
1476 1973 1719 2051 ὁρμέατο
1746 1974 1885 2033 ἐκδι-

283 2060 458 2123 δόναι·
500 2060 852 2141 ορμεωμένου
893 2063 954 2124 δὲ
992 2062 1168 2144 ταύτῃ
1199 2067 1300 2123 τοῦ
1335 2062 1600 2138 πλήθεος,
1626 2060 1885 2139 Ἀριστό-

283 2149 500 2215 δικος“
467 2178 498 2211 ο
531 2150 921 2229 Ἡρακλείδεω,
959 2150 1101 2229 ἀνὴρ
1136 2155 1247 2213 τῶν
1288 2149 1477 2211 ἅστῶν
1517 2148 1617 2210 ε’ὢν
1643 2148 1884 2227 δόκιμος,

283 2238 420 2319 ἔσχε
456 2264 537 2315 μη
577 2244 816 2315 ποιῆσαι
845 2243 1024 2300 ταῦτα
1043 2239 1367 2316 Κυμαίους,
1402 2236 1682 2299 ἀπιστέων
1706 2263 1769 2299 τε
1804 2244 1884 2318 τῷ

226 2355 232 2362 ·
281 2331 522 2404 χρησμῷ
562 2327 654 2385 καὶ
669 2327 887 2389 δοκέων
911 2353 1041 2391 τους
1077 2326 1423 2406 θεοπρόπους
1446 2353 1513 2387 ου
1537 2327 1724 2407 λέγειν
1748 2326 1884 2403 αλη-

285 2412 490 2483 θέως,’
464 2440 520 2477 ες
555 2412 588 2472 ὂ
622 2439 689 2474 το
723 2414 977 2492 δεύτερον
1000 2415 1130 2493 περὶ
1161 2414 1485 2475 Πακτύεω’
1460 2414 1883 2492 επειρησόμενοι

281 2497 461 2579 ᾔεσαν
498 2499 670 2559 ἄλλοι
713 2500 1035 2580 θεοπρόποι,
1074 2506 1187 2562 τῶν
1230 2502 1323 2562 καὶ
1366 2501 1747 2581 Ἀριστόδικος
1793 2501 1883 2579 ἦν.

192 2589 305 2648 159
321 2585 700 2666 Ἀπικομένων
739 2589 800 2649 δὲ
840 2594 896 2654 ἐς
936 2589 1272 2672 Βραγχίδας,
1314 2588 1781 2669 ἐχρηστηριάζετο
1824 2596 1885 2650 ἐκ

282 2674 502 2736 πάντων
537 2674 922 2754 Ἀριστόδικος
952 2679 1285 2757 ἐπειρωτέων
1309 2677 1460 2738 τάδε·
1501 2686 1539 2713 “
1554 2676 1714 2748 ὦναξ,
1740 2677 1886 2754 ἦλθε

285 2762 416 2841 παρ’
435 2763 611 2842 ἡμέας
631 2766 812 2844 ἱκέτης
837 2766 1103 2844 Πακτύης
1127 2765 1163 2827 ὅ
1188 2764 1384 2838 Λυδός,
1402 2764 1622 2847 φεύγων
1647 2765 1887 2828 θάνατον

282 2852 474 2928 βίαιον
492 2851 632 2930 πρός
657 2855 944 2933 Περσέων·
974 2858 1030 2916 οἱ
1055 2854 1118 2915 δέ
1140 2880 1239 2933 μιν
1259 2854 1608 2926 ἐξαιτέονται,
1631 2858 1888 2932 προεῖναι

283 2942 570 3018 Κυμαίους
596 2943 928 3007 κελεύοντες·
967 2943 1130 3020 ἤμεῖς
1157 2944 1215 3003 δὲ
1236 2942 1602 3019 δειμαίνοντες
1616 2942 1723 3018 τήν
1738 2949 1885 3021 Περ-

281 3029 427 3090 σέων
463 3029 710 3107 δύναμιν,
743 3030 844 3092 τὸν
882 3032 1064 3108 ἱκέτην
1102 3036 1159 3095 ἐς
1195 3030 1323 3092 τόδε
1362 3028 1428 3091 οὗ
1462 3030 1887 3107 τετολμήκαμεν

282 3117 569 3190 ἐκδιδόναι,
597 3120 729 3198 πρὶν
750 3117 818 3180 ἂν
842 3119 910 3179 τό
937 3118 1050 3179 αἶπό
1079 3122 1184 3178 σεῦ
1209 3118 1345 3195 ἡμῖν
1366 3118 1591 3198 δηλωθῇ
1618 3117 1887 3195 ἀτρεκέως

281 3203 517 3285 ὁκότερα
553 3206 876 3285 ποιέωμεν.”
962 3206 996 3267 ὁ
1046 3209 1153 3285 μὲν
1191 3210 1369 3266 ταῦτα
1416 3204 1703 3283 ἐπειρώτα·
1760 3203 1795 3263 ὁ
1837 3201 1886 3264 δ’

282 3290 438 3357 αὖτις
472 3294 576 3357 τόν
608 3293 779 3357 αὐτόν
801 3298 919 3371 σφι
952 3292 1219 3373 χρησμόν
1245 3292 1455 3370 ἔφαινε,
1482 3289 1721 3352 κελεύων
1746 3292 1885 3352 ἐκδι-
