2267 3517
241 170 252 177 .
303 123 398 172 186
900 123 1269 172 ·11P0Ao⁷1·o·r
1798 121 1901 187 [11.

299 200 362 261 δὲ
399 201 754 266 οἰκισθέντων
793 203 853 260 ἐν
883 199 1164 280 Αἰγύπτῳ,
1201 203 1255 259 οἱ
1284 199 1567 276 Ἕλληνες
1605 201 1749 261 οὕτω
1788 206 1903 262 ἐπι-

297 287 639 368 μισγόμενοι
661 284 917 346 τούτοισι
941 287 1014 346 τοὶ
1038 287 1167 364 περὶ
1188 287 1475 368 Αἴγυπτον
1498 286 1765 368 γινόμενα
1788 288 1902 350 dv&

298 375 658 452 Ψαμμιτίχου
689 373 969 449 βασιλέος
1000 373 1301 451 ἀρξάμενοι
1336 374 1519 434 πάντα
1561 376 1653 434 καὶ
1691 376 1765 437 τοὶ
1803 375 1902 436 ὕσ-

297 487 460 538 τερον
507 460 858 542 ἐπιστάμεθα
901 460 1186 537 ἀτρεκέως·
1238 466 1451 538 πρῶτοι
1494 461 1606 543 γσῖρ
1649 459 1804 523 οὗτοι
1844 469 1903 524 ἐν

299 548 564 632 Αἰγύπτῳ
611 548 1025 630 ἀλλόγλωσσοι
1079 550 1544 626 κατοικίσθησαν·
1600 549 1663 619 ἐξ
1715 547 1791 611 ὧν
1842 551 1903 610 δὲ

299 638 678 714 ἐξανέστησαν
713 637 923 716 χώρων,
951 641 1010 697 ἐν
1033 637 1287 697 τούτοισι
1322 637 1390 714 δὴ
1418 637 1479 698 οἵ
1506 663 1572 698 τε
1602 637 1766 698 ὁλκοὶ
1790 642 1903 698 τῶν

297 728 432 787 νεῶν
471 726 565 785 καὶ
602 725 674 786 τὰ
715 725 928 802 ἐρείπια
963 728 1076 785 τῶν
1111 723 1425 802 οἰκημάτων
1454 724 1525 786 τὸ
1562 725 1731 805 μέχρι
1770 731 1901 804 ἐμεῦ

296 811 465 889 ἦσαν.
517 814 873 892 Ψαμμίτιχος
895 812 1001 889 μέν
1027 837 1123 872 νυν
1148 812 1291 872 οὕτω
1312 813 1448 892 ἔσχε
1470 812 1575 889 τὴν
1594 815 1898 894 Αἴγυπτον.

207 903 321 961 155
383 905 497 961 Τοῦ
537 901 598 960 δὲ
635 901 983 980 χρηστηρίου
1021 904 1122 960 τοῦ
1158 905 1217 960 ἐν
1251 900 1516 981 Αἰγύπτῳ
1546 899 1743 960 πολλοὶ
1778 906 1899 962 ἐπε-

296 989 556 1066 μνήσθην
601 989 726 1066 ἤδη,
773 989 864 1048 καὶ
913 986 981 1064 δή
1026 988 1202 1068 λόγον
1244 988 1374 1065 περὶ
1420 987 1590 1048 αὐτοῦ
1632 987 1705 1051 ὥς
1742 987 1900 1058 ἀξίου

299 1075 484 1141 ἐόντος
516 1071 848 1154 ποιήσομαι.
915 1075 983 1136 τὰ
1017 1075 1129 1156 γὰρ
1164 1075 1511 1154 χρηστήριον
1539 1079 1708 1136 τοῦτο
1740 1076 1807 1136 τὸ
1840 1082 1899 1138 ἐν

297 1164 561 1245 Αἰγύπτῳ
594 1165 716 1224 ἔστι
749 1167 853 1242 μὲν
886 1167 1106 1240 Λητοῦς
1140 1163 1274 1240 ἶρὸν,
1310 1168 1369 1224 ἐν
1398 1163 1536 1222 πόλι
1576 1164 1635 1223 δὲ
1672 1163 1899 1245 μεγάλῃ

299 1253 586 1330 ἱδρυμένον
623 1252 765 1312 κατὰ
796 1252 863 1312 τὸ
906 1251 1320 1328 Σεβεννυτικὸν
1340 1251 1678 1330 καλεόμενον
1710 1252 1899 1331 στόμα

294 1343 398 1399 τοῦ
425 1340 656 1409 Νείλου,
685 1337 1022 1399 α’ναπλέοντι
1047 1337 1162 1398 ‹in-6
1192 1337 1494 1415 θαλάσσης
1517 1337 1646 1398 ἅνω·
1689 1339 1899 1417 οὔνομα

297 1427 358 1486 δὲ
390 1429 463 1504 τῇ
487 1426 627 1486 πόλι
662 1426 836 1506 ταύτῃ
865 1425 998 1486 ὅκου
1031 1425 1098 1486 τὸ
1131 1425 1479 1505 χρηστήριόν
1517 1432 1657 1497 ἐστι,
1685 1428 1895 1498 Βουτώ,

299 1513 372 1577 ὦς
399 1515 489 1573 καὶ
520 1513 791 1590 πρότερον
819 1513 1172 1591 οὖνόμασταί
1191 1539 1309 1591 μοι·
1352 1514 1473 1592 ἶρὸν
1500 1515 1563 1574 δέ
1592 1520 1715 1576 ἐστι
1743 1520 1801 1575 ἐν
1824 1518 1897 1594 τῇ

297 1605 504 1662 Βουτοῖ
533 1600 709 1679 ταύτῃ
741 1601 1103 1665 ’Λπόλλωνος
1138 1601 1229 1659 καὶ
1260 1600 1602 1680 Ἀρτέμιδος·
1644 1602 1737 1662 καὶ
1766 1601 1799 1662 ὅ
1830 1629 1897 1683 γε

295 1688 427 1765 νηός
460 1693 562 1765 τῆς
586 1693 822 1765 Λητοῦς,
851 1694 909 1749 ἐν
938 1693 1016 1767 τῷ
1043 1687 1110 1764 δή
1139 1688 1205 1748 τό
1238 1688 1705 1768 χρηστήριονένι,
1733 1689 1897 1754 αὐτός

294 1801 358 1837 τε
398 1776 660 1857 τυγχάνει
705 1777 808 1837 ε’ὠν
847 1777 1024 1858 μέγας
1066 1777 1160 1836 καὶ
1200 1777 1275 1836 τοὶ
1313 1777 1641 1855 προπύλαια
1686 1779 1801 1857 ἔχει
1842 1769 1929 1842 ε’ς.

296 1863 436 1943 ὕψος
471 1865 602 1924 δέκα
639 1864 920 1946 ὀργυιέων·
958 1864 1026 1925 τὰ
1059 1865 1122 1925 δέ
1153 1891 1253 1942 μοι
1285 1869 1395 1926 τῶν
1422 1870 1678 1944 φανερῶν
1704 1868 1897 1943 θῶυμα

295 1953 568 2061 μέγιστον
607 1953 990 2034 παρεχόμενον
1031 1953 1256 2029 φράσω·
1311 1954 1434 2014 ἔστι
1472 1959 1532 2014 ἐν
1568 1959 1646 2033 τῷ
1680 1955 1897 2031 τεμένεϊ

294 2041 470 2102 τούτω
509 2047 729 2119 Λητοῦς
760 2042 890 2120 νηός
917 2041 1040 2112 ἐξε
1015 2041 1134 2106 ενός
1161 2043 1325 2103 λίθου
1355 2043 1724 2124 πεποιημένος
1750 2043 1805 2106 ἔς
1832 2068 1896 2102 τε

295 2128 438 2208 υψος
485 2131 578 2189 καὶ
625 2136 680 2194 ἐς
724 2133 921 2207 μῆκος·
977 2131 1069 2189 καὶ
1115 2134 1307 2208 τοῖχος
1358 2130 1593 2193 ἕκαστος
1642 2130 1895 2190 τούτοισι

299 2217 442 2280 ἴσος·
493 2218 910 2296 τεσσεράκοντα
949 2217 1175 2297 πήχεων
1218 2218 1427 2279 τούτων
1475 2217 1712 2279 ἕκαστόν
1752 2223 1893 2279 ἐστι·

295 2330 364 2364 το
409 2306 468 2364 δὲ
515 2306 956 2386 καταστέγασμα
1000 2310 1101 2381 τῆς
1142 2305 1357 2382 ὄροφῆς
1399 2305 1578 2370 αλλος
1623 2307 1895 2367 ἐπικέεται

207 2394 318 2452 156
338 2392 512 2461 λίθος,
554 2393 694 2470 ἔχων
733 2393 838 2468 τήν
878 2394 1245 2469 παρωροφίδα
1282 2392 1651 2473 τετράπηχυν.
1734 2393 1896 2455 Οὕτω

297 2479 401 2554 μέν
427 2504 522 2539 νυν
553 2479 586 2539 ὅ
617 2479 748 2554 νηός
777 2483 886 2540 τῶν
913 2485 1169 2557 φανερῶν
1200 2507 1300 2557 μοι
1334 2485 1445 2541 τῶν
1470 2484 1598 2558 περὶ
1628 2485 1796 2542 τοῦτο
1826 2483 1895 2544 τὸ

299 2565 418 2642 ἱρόν
450 2571 574 2626 ἐστι
607 2566 1089 2644 θωυμαστότατον,
1117 2573 1229 2628 τῶν
1265 2569 1324 2628 δὲ
1360 2569 1621 2647 δευτέρων
1649 2574 1823 2646 νῆσος
1856 2571 1895 2647 ἦ

297 2655 519 2732 Χέμμις
559 2656 889 2732 καλευμένη.
971 2657 1093 2715 ἔστι
1127 2657 1233 2733 μὲν
1274 2661 1332 2716 ἐν
1366 2657 1539 2736 λίμνῃ
1574 2659 1762 2736 βαθέῃ
1802 2659 1896 2718 καὶ

296 2742 515 2821 πλατέῃ
542 2743 762 2820 κειμένη
789 2770 943 2820 παρα
973 2743 1040 2804 τό
1077 2748 1136 2804 ἐν
1168 2746 1427 2805 Βουτοῖ“
1412 2771 1545 2822 ιρον,
1573 2747 1799 2828 λέγεται
1834 2745 1896 2806 δὲ

295 2827 388 2888 υπ’
416 2831 732 2911 Αἰγυπτίων
760 2831 896 2891 εἶναι
921 2830 1060 2943 αὕτη
1087 2831 1123 2908 ἦ
1152 2837 1325 2908 νῆσος
1350 2833 1566 2909 πλωτή·
1603 2833 1767 2898 αὐτὸς
1790 2836 1896 2912 μὲν

297 2918 469 2999 ἔγωγε
503 2945 628 2978 ουτε
664 2920 952 2979 πλέουσαν
993 2918 1118 2980 οὔτε
1157 2922 1477 2996 κινηθεῖσαν
1509 2921 1644 2992 ἴδον,
1675 2923 1895 2998 τέθηπα

297 3005 357 3065 δὲ
391 3006 602 3068 ἀκούων
634 3012 681 3067 εἰ
716 3011 890 3083 νῆσος
925 3007 1176 3084 ἀληθέως
1216 3010 1340 3069 ἐστὶ
1373 3009 1587 3084 πλωτή·
1631 3014 1689 3069 ἐν
1714 3008 1783 3086 δὴ
1818 3009 1894 3070 ὧν

293 3095 468 3174 ταύτῃ
515 3095 668 3173 νηός.
687 3121 750 3155 τε
791 3094 1153 3160 ’Λπόλλωνος
1203 3096 1382 3178 μέγας
1428 3098 1521 3166 ἔνι,
1568 3097 1660 3154 καὶ
1704 3098 1894 3174 βωμοὶ

293 3180 591 3259 τρὶφάσιοι
622 3182 946 3260 ἐνιδρύαται·
989 3183 1350 3261 ἐμπεφύκασι
1386 3182 1432 3242 δ’
1460 3189 1517 3242 ἐν
1549 3181 1688 3260 αὐτῇ
1714 3185 1891 3258 φοίνι-

297 3292 387 3331 κες
427 3271 645 3350 συχνοὶ,
688 3271 780 3331 καὶ
820 3268 975 3330 ἄλλα
1017 3271 1245 3350 δένδρεα
1284 3271 1379 3330 καὶ
1422 3267 1759 3347 καρποφόρα
1796 3269 1891 3328 καὶ
