2267 3517
319 115 394 173 ²14·
949 121 1317 172 ἮΡοΔοτοτ
1854 118 1933 187 [t

323 197 752 281 ἀναμεμίχαται,
782 200 875 260 καὶ
915 200 1208 276 Καδμεῖοι,
1242 200 1335 259 καὶ
1374 199 1645 277 Δρύοπες,
1685 200 1779 260 καὶ
1814 206 1934 261 Φω-

329 288 446 351 κέες
477 287 836 365 ἀποδάσμιοι,
875 288 967 347 καὶ
997 289 1329 358 Μολοσσοὶ,
1358 287 1452 347 καὶ
1481 286 1748 365 Ἀρκάδες
1775 292 1931 347 Πελ·

333 376 521 457 ασγοὶ,
539 376 631 435 καὶ
651 376 888 454 Δωριέες
910 374 1271 452 Ἐπιδαύριοι,
1290 373 1447 434 ἄλλα
1471 399 1534 434 τε
1561 375 1720 437 ἔθνεα
1735 375 1934 436 πολλὰ

328 462 757 542 ἀναμεμίχαται.
824 467 880 523 οἱ
905 464 964 523 δὲ
989 462 1169 523 αὐτῶν
1195 462 1309 523 ἀπὸ
1338 466 1441 523 τοῦ
1466 464 1805 540 πρυτανηίου
1828 469 1932 525 τοῦ

330 550 638 627 Ἀθηναίων
679 550 1014 629 ὁρμηθέντες
1054 552 1150 610 καὶ
1195 552 1513 628 νομίζοντες
1552 550 1933 632 γενναιότατοι

327 638 470 699 εἶναι
506 638 718 709 Ἰώνων,
746 635 900 699 οὗτοι
931 639 991 698 δὲ
1023 637 1090 698 οὗ
1123 642 1389 719 γυναῖκας
1427 637 1707 721 ἠγάγοντο
1741 643 1797 703 ἐς
1827 639 1935 716 τήν

329 725 608 803 ἀποικίην,
639 724 794 786 ἀλλὰ
827 727 1072 805 Καείρας
1105 726 1294 806 ἔσχον,
1320 730 1431 787 τῶν
1462 726 1775 802 ἐφόνευσαν
1802 727 1934 793 τοῦς

327 816 544 896 γονέας.
611 813 704 873 διοὶ
735 818 934 875 τοῦτον
964 815 1025 875 δὲ
1059 814 1161 875 τόν
1194 814 1372 891 φόνον
1398 817 1458 875 αἱ
1480 818 1735 897 γυναῖκες
1768 814 1932 877 αὗται

327 902 500 980 νόμον
531 902 774 979 θέμεναι,
805 902 984 977 σφίσι
1022 900 1229 982 affice
1256 902 1466 980 ’ὅρκους
1508 901 1805 979 ἐπήλασαν
1839 905 1933 963 καὶ

327 991 648 1068 παρέδοσαν
660 994 797 1070 τῇσι
822 990 1150 1073 θυγατράσι,
1166 989 1248 1068 μή
1274 1016 1401 1051 κοτε
1418 990 1763 1068 ὁμοσιτῆσαι
1779 996 1933 1053 τοῖσι

327 1077 583 1157 ἀνδράσι,
623 1078 766 1156 μηδὲ
808 1077 1076 1156 οὐνόματι
1115 1081 1313 1156 βῶσαι
1350 1078 1451 1139 τᾶν
1492 1080 1695 1154 ἑωυτῆς
1738 1077 1932 1157 ἄνδρα·

325 1168 490 1228 τοῦδε
517 1167 714 1228 εἵνεκα·
756 1165 843 1227 ὅτι
871 1167 1184 1243 ἐφόνευσαν
1200 1168 1395 1243 σφέων
1421 1165 1552 1229 τούς
1574 1167 1818 1245 πατέρας
1839 1169 1935 1227 καὶ

327 1254 528 1333 ἄνδρας
556 1256 650 1315 καὶ
673 1255 891 1325 παῖδας,
919 1255 1012 1314 καὶ
1039 1256 1251 1316 ἔπειτεν
1273 1259 1450 1315 ταῦτα
1481 1253 1818 1331 ποιήσαντες
1842 1255 1937 1315 αὖ·

327 1348 467 1422 τῇσι
507 1345 808 1404 συνοίκεον.
877 1347 1056 1405 ταῦτα
1091 1343 1154 1403 δέ
1183 1343 1255 1419 ἦν
1282 1343 1551 1425 γινόμενα
1586 1348 1645 1403 ἐν
1675 1343 1936 1424 Μιλήτῳ.

237 1430 350 1493 147
373 1432 658 1494 Βασιλέας
683 1431 743 1491 δὲ
769 1430 1086 1507 ἐστήσαντο
1113 1434 1169 1491 οἶ
1191 1435 1297 1509 μὲν
1328 1431 1510 1492 αὐτῶν
1540 1432 1796 1503 Λυκίους,
1823 1431 1937 1493 «iera

328 1518 587 1579 Γλαύκου
611 1523 712 1578 τοῦ
736 1517 1084 1600 Ἱππολόχου
1107 1518 1428 1601 γεγονότας·
1471 1522 1526 1579 οἱ
1552 1520 1611 1579 δὲ
1637 1518 1939 1585 Καύκωνας

328 1601 595 1678 Πυλίους,
621 1604 743 1673 dmi
761 1607 986 1685 Κόδρου
1009 1611 1112 1667 τοῦ
1139 1606 1465 1668 Μελάνθου·
1508 1610 1563 1667 οἱ
1595 1607 1655 1667 δὲ
1690 1608 1783 1667 καὶ
1808 1633 1939 1669 συν·

327 1697 697 1774 αμφοτέρους.
763 1694 920 1755 ἀλλὰ
955 1694 1070 1777 γοῖρ
1110 1696 1464 1777 περιέχονται
1494 1699 1597 1757 τοῦ
1634 1693 1939 1774 οὐνόματος

326 1783 556 1862 μᾶλλόν
599 1809 656 1843 τι
695 1785 808 1844 τῶν
849 1780 1042 1843 ἄλλων
1085 1782 1301 1855 Ἰώνων,
1344 1786 1601 1845 ἔστωσαν
1641 1783 1705 1843 δὲ
1750 1784 1844 1843 καὶ
1881 1786 1937 1845 οἱ

327 1873 580 1950 καθαρῶς
627 1870 921 1953 γεγονότες
959 1869 1167 1935 Ἴωνες·
1226 1872 1340 1933 εἰσὶ
1380 1872 1442 1932 δὲ
1490 1870 1692 1935 πάντες
1730 1870 1934 1945 Ἴωνες,

327 1960 459 2022 ὅσοι
499 1959 596 2021 ἀπ’
634 1958 886 2037 Ἀθηνῶν
914 1958 1208 2041 γεγόνασι.
1228 1960 1321 2020 καὶ
1349 1959 1697 2038 Ἀπατούρια
1729 1957 1935 2042 ἄγουσι

325 2049 515 2128 ὁρτήν·
557 2048 762 2131 ἄγουσι
795 2048 854 2109 δὲ
890 2046 1094 2112 πάντες
1124 2047 1280 2125 πλὴν
1303 2046 1590 2124 Ἐφεσίων
1615 2047 1709 2107 καὶ
1745 2052 1933 2109 Κολο-

330 2138 568 2215 φωνίων·
611 2136 768 2199 οὗτοι
801 2135 912 2219 γὰρ
944 2141 1145 2215 μοῦνοι
1174 2134 1371 2197 Ἰώνων
1397 2135 1499 2196 οὔκ
1530 2134 1737 2216 ἄγουσι
1759 2134 1933 2195 Ἀπα-

233 2227 350 2287 148
365 2226 575 2303 τούρια,
602 2225 696 2285 καὶ
731 2224 886 2285 οὗτοι
921 2224 1064 2285 κατὰ
1091 2223 1270 2301 φόνου
1294 2222 1419 2285 τινὰ
1444 2227 1679 2302 σκῆψιν.
1760 2222 1839 2283 Τό
1872 2223 1935 2283 δὲ

328 2313 640 2374 Πανιώνιον
658 2314 783 2375 ἐστὶ
805 2315 907 2388 τῆς
931 2312 1207 2389 Μυκάλης
1222 2316 1404 2391 χῶρος
1430 2310 1548 2390 ἶρός
1570 2310 1713 2390 πρὸς
1726 2309 1933 2389 ἄρκτον

324 2401 717 2480 τετραμμένος,
737 2404 894 2478 κοινῇ
919 2400 1345 2477 ἐξαραιρημένος
1368 2399 1479 2460 flur&
1502 2398 1697 2460 Ἰώνων
1723 2404 1933 2461 Ποσει-

325 2490 482 2550 δέωνι
503 2488 822 2549 Ἑλικωνίω·
848 2488 886 2563 ἦ
913 2487 974 2547 δὲ
997 2488 1293 2564 Μυκάλη’
1267 2489 1391 2549 εστὶ
1415 2480 1516 2563 τῆς
1538 2487 1773 2565 ἠπείρου
1790 2488 1933 2567 ἄκρη

324 2577 467 2655 πρὸς
491 2575 780 2653 ζέφυρον”
745 2600 950 2653 ανεμον
972 2575 1295 2651 κατήκουσα
1322 2574 1557 2655 Σάμω,’
1530 2600 1587 2638 ες
1608 2576 1712 2651 τὴν
1726 2580 1933 2637 συλλε-

325 2664 558 2746 γόμενοι
597 2662 711 2725 οἷπο
750 2667 861 2724 τῶν
888 2664 1104 2725 πολίων
1132 2664 1321 2728 Ἴωνες
1359 2689 1606 2746 αγεσκον
1638 2663 1827 2741 ὁρτὴν,
1857 2668 1933 2743 τῇ

325 2754 513 2813 ἔθεντο
539 2751 751 2828 οὕνομα
782 2750 1088 2813 Πανιώνια.
1156 2751 1476 2813 πεπόνθασι
1501 2752 1562 2811 δέ
1587 2750 1707 2813 οὔτι
1729 2756 1934 2829 μοῦναι

325 2843 386 2900 αἱ
413 2838 610 2901 Ἰώνων
645 2840 806 2918 ὁρταὶ
835 2845 1020 2911 τοῦτο,
1057 2838 1216 2900 ἀλλὰ
1248 2840 1342 2903 καὶ
1379 2838 1673 2915 Ἑλλήνων
1709 2838 1933 2901 πάντων

323 2927 528 3006 ὁμοίως
560 2933 745 2989 πᾶσαι
769 2934 826 2993 ἐς
848 2926 1025 2989 τῶυτό
1061 2927 1303 3009 γράμμα
1330 2931 1653 3000 τελευτῶσι,
1682 2925 1931 3005 κατάπερ

326 3020 437 3078 τῶν
462 3018 732 3095 Περσέων
755 3016 830 3077 τὰ
855 3016 1159 3093 οὐνόματα.

234 3106 350 3169 149
450 3103 630 3183 Αὗὴαι
652 3108 758 3184 μὲν
783 3106 844 3165 αἱ
865 3103 1040 3169 Ἰάδες
1062 3104 1262 3168 πόλιές
1286 3107 1417 3165 εἶσι.
1483 3104 1604 3163 αἵδε
1629 3102 1689 3163 δὲ
1714 3102 1773 3161 αἱ
1798 3102 1931 3161 Αἰο-

325 3193 497 3266 λίδες,
522 3193 694 3272 Κύμη
717 3191 756 3270 ἦ
781 3192 1048 3270 Φρικωνὶς
1079 3193 1411 3269 καλεομένη,
1437 3190 1744 3269 Αήρισσαι,
1776 3188 1932 3249 Νέον

325 3285 529 3361 τεῖχος,
546 3286 786 3361 Τῆμνος,
811 3280 1028 3352 Κίλλα,
1054 3278 1284 3352 Νότιον,
1300 3277 1669 3361 Αἰγιρόεσσα,
1690 3272 1929 3350 Πιτάνη,
