2267 3517
3 1911 7 1970 -v-v-
2 1574 11 1900 v——-----—..-ae-—---..-v
6 1492 10 1565 ἮἿ.
6 1422 10 1471 ,-

363 141 580 205 69—71]
1045 142 1271 190 mmm.
1902 142 1965 191 ⁸³

361 220 600 298 στήριον
622 222 1068 297 προσκαλέομαι,
1097 220 1271 295 φίλος
1290 245 1356 279 τε
1380 220 1561 279 θέλων
1584 219 1849 300 γενέσθαι
1874 218 1967 279 καὶ

361 307 665 387 σύμμαχος
689 306 816 367 ἄνευ
839 333 901 367 τε
928 306 1097 366 δόλου
1125 308 1217 366 καὶ
1244 304 1509 382 άπατης.”
1586 309 1837 382 Κροῖσος
1860 308 1964 383 μὲν

361 396 452 471 δή·
470 400 648 456 ταῦτα
687 394 754 455 δι’
781 394 1036 476 ἀγγέλων
1075 392 1517 470 ἐπεκηρυκεύετο,
1542 392 1968 471 Λακεδαιμόνιοι

363 483 424 542 δὲ
470 482 770 560 ἀκηκοότες
809 483 902 541 καὶ
942 481 1100 542 αὐτοὶ
1140 481 1207 542 τό
1248 480 1584 558 θεοπρόπιον
1620 480 1687 541 τό
1736 481 1968 561 Κροίσῳ

361 570 676 651 γενόμενον,
717 568 984 647 ἥσθησάν
1027 596 1090 629 τε
1133 573 1207 649 τῇ
1252 567 1441 645 άφίξεῖ
1478 573 1588 629 τῶν
1634 569 1829 628 Λυδῶν
1876 570 1969 629 καὶ

363 659 702 735 ἐποιήσαντο
745 657 906 735 ὅρκια
947 658 1149 734 ξεινίης
1186 657 1315 735 πέρι
1362 657 1455 716 καὶ
1496 656 1827 736 ξυμμαχίης·
1876 656 1969 716 καὶ

360 746 470 829 γάρ
499 772 645 811 τινες
679 744 876 809 αὖτοῦς
913 743 1223 826 εὐεργεσίαι
1260 744 1414 823 εἶχον
1450 748 1511 804 ἐκ
1547 745 1801 823 Κροίσου
1832 742 1967 821 πρό-

360 860 523 911 τερον
549 834 628 894 ἔτι
651 837 951 915 γεγονυῖαι·
981 834 1300 912 πέμψαντες
1324 831 1435 913 γάρ
1462 834 1517 891 οἱ
1541 830 1969 908 Λακεδαιμόνιοι

361 926 418 985 ἐς
459 921 660 1001 Σάρδις
699 921 916 1001 χρυσὸν
957 919 1207 991 ὠνέοντο,
1251 926 1307 984 ἐς
1350 919 1585 1002 ἄγαλμα
1624 918 1967 995 βουλόμενοι

359 1009 690 1088 χρήσασθαι
723 1013 890 1069 τοῦτο
919 1008 986 1069 τὸ
1019 1012 1117 1069 νῦν
1148 1012 1249 1084 τῆς
1279 1010 1601 1083 Λακωνικῆς
1636 1012 1697 1067 ε’ν
1727 1006 1967 1083 Θόρνακι

361 1098 573 1175 ἵδρυται
615 1096 994 1160 Ἀπόλλωνος·
1050 1101 1303 1173 Κροῖσος
1346 1095 1410 1155 δέ
1454 1100 1567 1169 σφι
1614 1093 1968 1170 ὠνεομένοισι

361 1185 526 1244 ἔδωκε
559 1185 804 1261 δωτίνην.
884 1182 1107 1244 Τούτων
1140 1210 1203 1243 τε
1244 1181 1319 1243 ὧν
1360 1182 1561 1243 εἵνεκεν
1602 1184 1659 1241 οἱ
1701 1180 1963 1241 Λακεδαι-
1983 1181 2062 1242 70

359 1270 546 1349 μόνιοι
577 1271 682 1347 τὴν
717 1272 1044 1351 συμμαχίην
1079 1271 1351 1341 ἐδέξαντο,
1387 1271 1479 1329 καὶ
1518 1268 1607 1329 ὅτι
1646 1274 1707 1327 ἐκ
1748 1267 1967 1330 πάντων

361 1360 548 1435 σφέας
599 1362 894 1437 προκρίνας
947 1358 1238 1435 Ἑλλήνων
1295 1358 1509 1435 αἱρέετο
1567 1358 1788 1432 φίλους·
1856 1357 1965 1427 καὶ,

360 1450 526 1507 τοῦτο
544 1450 649 1524 μὲν
674 1446 830 1508 αὐτοὶ
854 1447 1005 1524 ἦσαν
1031 1450 1243 1524 ἑτοῖμοι
1271 1446 1683 1527 ἐπαγγειλαντι·
1713 1448 1881 1506 τοῦτο
1906 1446 1967 1507 δὲ

359 1536 730 1614 ποιησάμενοι
789 1539 1037 1613 κρητῆρα
1087 1534 1349 1613 χάλκεον,
1404 1534 1606 1605 ζωδίων
1656 1560 1719 1593 τε
1772 1533 1967 1603 ἔξωθεν

359 1623 680 1699 πλήσαντες
717 1624 848 1702 περὶ
885 1622 952 1683 τὸ
990 1626 1185 1702 χεῖλος
1225 1622 1317 1681 καὶ
1351 1620 1585 1702 μεγάθεϊ
1616 1622 1967 1698 τριηκοσίους

359 1710 647 1790 ἀμφορέας
692 1712 974 1791 χωρέοντα
1019 1710 1177 1790 ἦγον,
1205 1710 1398 1800 δῶρον
1437 1709 1780 1787 βουλόμενοι
1820 1708 1965 1770 ἅντι-

359 1800 548 1860 δοΰναι
601 1801 854 1879 Κροίσω.
937 1824 1097 1861 ουτος
1142 1797 1174 1858 ὅ
1222 1796 1431 1875 κρητὴρ
1478 1823 1579 1857 ουκ
1630 1797 1859 1858 ἀπίκετο
1911 1802 1967 1861 ές

359 1887 576 1966 Σάρδις,
603 1886 672 1948 δι’
699 1888 878 1950 αἰτίας
904 1886 1175 1964 διφασίας
1203 1886 1512 1968 λεγομένας
1541 1884 1831 1945 τάσδε·οἶ
1857 1910 1965 1964 μεν

357 1975 788 2053 Λακεδαιμόνιοι
815 1976 1072 2057 λέγουσι,
1105 1974 1179 2037 ὥς
1214 1974 1337 2033 ε’πεί
1366 1998 1430 2033 τε
1464 1972 1736 2053 ἀγόμενος
1754 1976 1827 2034 ,ἐς
1866 1972 1967 2037 τοὶς

361 2064 563 2138 Σάρδις
586 2064 618 2123 ὁ
647 2063 858 2140 κρητὴρ
886 2064 1097 2144 ἐγίνετο
1118 2061 1261 2121 κατὰ
1280 2060 1385 2137 τήν
1407 2060 1639 2136 Σαμίην,
1660 2058 1965 2135 πυθόμενοι

364 2149 568 2225 Σάμιοι
619 2148 922 2209 ἀπελοίατο
975 2149 1145 2210 αὖτὸν
1197 2149 1363 2225 νηυσὶ
1414 2150 1667 2224 μακρῇσι
1724 2145 1963 2205 ε’πιπλῶ-

361 2260 579 2299 σαντες.
663 2234 822 2295 αὗτοὶ
856 2237 917 2296 δὲ
948 2236 1155 2314 Σάμιοι
1185 2237 1439 2318 λέγουσι,
1468 2233 1541 2298 οἷς
1570 2233 1694 2293 ε’πεί
1717 2258 1779 2293 τε
1804 2233 1965 2294 ὖστέ-

359 2348 545 2400 ρησαν
585 2326 639 2383 οἱ
677 2322 906 2404 α’γοντες
941 2327 1054 2384 τῶν
1085 2324 1531 2401 Λακεδαιμονίων
1564 2320 1664 2383 τόν
1698 2325 1963 2400 κρητῆρα,

359 2411 730 2472 ἐπυνθάνοντο
777 2410 837 2471 δὲ
877 2411 1082 2488 Σάρδις
1123 2437 1189 2473 τε
1234 2412 1328 2472 καὶ
1374 2415 1627 2490 Κροῖσον
1671 2410 1962 2487 ἡλωκέναι,

359 2498 630 2560 ἀπέδοντο
661 2498 763 2559 τᾶν
796 2504 1046 2577 κρητῆρα
1079 2505 1141 2560 ἐν
1178 2499 1369 2578 Σάμῳ·
1413 2498 1625 2561 ἰδιώτας
1667 2499 1727 2558 δὲ
1766 2496 1968 2576 ἄνδρας

356 2589 692 2664 πριαμένους
715 2586 1004 2648 α’,ναθεῖναί
1023 2613 1122 2665 μιν
1148 2592 1205 2651 ἐς
1226 2588 1295 2647 τὸ
1320 2588 1573 2665 Ἡραῖον.
1634 2585 1785 2665 τάχα
1810 2586 1871 2648 δὲ
1896 2583 1966 2646 ἂν

360 2676 452 2733 καὶ
479 2679 532 2735 οἱ
559 2675 894 2753 ἀποδόμενοι
920 2677 1143 2757 λέγοιεν
1167 2674 1493 2751 ἀπικόμενοι
1514 2679 1570 2737 ἐς
1590 2675 1872 2751 Σπάρτην,
1894 2672 1965 2738 ὥς

358 2761 794 2840 ἀπαιρεθείησαν
819 2762 930 2823 ὖπό
958 2762 1201 2841 Σαμίων.
1286 2761 1429 2823 κατοὶ
1451 2762 1556 2839 μέν
1580 2788 1677 2823 νυν
1704 2760 1805 2824 τὸν
1837 2788 1963 2841 κρη-

357 2853 503 2927 τῆρα
530 2850 698 2915 οὕτως
725 2852 879 2931 ἔσχε.
950 2866 973 2885 “

442 2941 694 3015 Κροῖσος
717 2938 778 2997 δὲ
801 2936 1064 3015 άμαρτῶν
1087 2941 1189 2997 τοῦ
1212 2942 1494 3017 χρησμοῦ,
1524 2938 1769 2999 ἐποιέετο
1795 2962 1965 3014 στρα-
1981 2939 2054 3000 71

357 3025 518 3101 τηΐην
559 3030 614 3088 ἐς
654 3026 1076 3102 Καππαδοκίην,
1106 3028 1346 3089 ἐλπίσας
1386 3023 1741 3103 καταιρήσειν
1777 3023 1967 3103 Κῦρόν

357 3139 422 3172 τε
446 3114 538 3172 καὶ
564 3111 670 3189 τήν
697 3113 962 3188 Περσέων
989 3112 1240 3190 δύναμιν.
1276 3166 1289 3175 ,

441 3201 1018 3279 Παρασκευαζομένου
1049 3201 1109 3259 δὲ
1147 3200 1402 3277 Κροίσου
1438 3196 1841 3273 στρατεύεσθαι
1873 3195 1965 3254 ἐπὶ

363 3291 606 3416 Πέρσῖς,
653 3293 765 3350 τῶν
805 3312 891 3350 τις
932 3288 1129 3348 Λυδῶν
1182 3284 1538 3364 νομιζόμενος
1584 3282 1677 3341 καὶ
1714 3279 1965 3356 πρόσθεν

2119 3375 2221 3419 ..Δ
