2267 3517
347 125 445 176 234
967 139 1327 189 'HPOAo'ro‘r
1820 137 1951 202 [111.

354 213 545 292 Κύρου
567 215 822 292 βασιλέα
853 215 1185 276 α’νεστεῶτα·
1255 217 1441 280 δεινῶς
1470 216 1582 297 γὰρ
1610 217 1703 275 καὶ
1734 215 1767 276 ὅ
1801 222 1955 294 Πρη-

353 300 575 378 ξάσπης
614 304 836 380 ἔξαρνος
874 303 945 378 ἦν
982 302 1065 381 μή
1097 329 1196 381 μιν
1228 303 1551 363 ἀποκτεῖναι
1584 302 1842 379 Σμέρδιν·
1892 303 1956 363 οὖ

351 389 488 470 γὰρ,
515 390 587 465 ἦν
640 394 695 450 οἱ
747 391 1023 466 ἀσφαλὲς,
1081 389 1413 468 Καμβύσεω
1479 390 1955 466 τετελευτηκότος,

361 477 536 555 φάναι
560 479 660 539 τόν
686 479 878 556 Κύρου
903 480 1024 540 θὶὂν
1051 479 1471 539 ἀπολωλεκέναι
1498 478 1835 558 αὖτοχειρίῃ.

263 567 338 628 67
436 565 505 625 Ὀ
532 567 636 643 μὲν
657 565 724 641 δὴ
746 564 948 647 Μάγος
971 565 1411 642 τελευτήσαντος
1440 566 1771 644 Καμβύσεω
1791 566 1961 631 ἀδεῶς

359 655 721 730 ἐβασιλευσε,
751 653 1094 730 ἐπιβατεύων
1118 659 1220 714 τοῦ
1244 654 1541 731 ὁμωνύμου
1569 654 1839 732 Σμέρδιος
1861 657 1961 715 τοῦ

359 740 569 819 Κύρου,
595 746 775 819 μῆνας
803 740 942 802 ἔπτὰ
962 742 1098 806 τούς
1123 743 1449 806 ἐπιλοίπους
1476 742 1777 820 Καμβύσῃ
1805 745 1861 805 ἐς
1888 742 1961 802 τοὶ

361 827 506 889 ὀκτώ
542 831 666 890 ἔτεα
689 824 815 911 [τῆς
850 829 1222 911 πληρώσιος]
1289 833 1347 890 ἐν
1377 833 1533 890 τοῖσι
1571 829 1876 899 ἀπεδέξατο
1908 834 1964 894 ἐς

360 915 490 981 τούς
534 916 812 995 ὑπηκόους
862 916 1076 982 πάντας
1131 917 1449 998 εὐεργεσίας
1499 917 1770 998 μεγάλας,
1818 914 1965 977 ὥστε

361 1002 742 1070 ἀποθανόντος
780 1005 950 1066 αὐτοῦ
990 1004 1170 1066 πόθον
1202 1007 1349 1084 ἔχειν
1382 1004 1596 1068 πάντας
1627 1003 1757 1069 τούς
1798 1009 1857 1065 ἐν
1892 1010 1966 1084 τῇ

361 1091 531 1172 Ἀσίῃ
557 1094 738 1172 πάρεξ
761 1094 942 1157 αύτῶν
968 1094 1255 1171 Περσέων·
1300 1093 1619 1171 διαπέμψας
1639 1093 1751 1174 γὰρ
1776 1092 1809 1154 ὁ
1840 1094 1966 1153 Ma'-

363 1207 466 1262 γος
498 1186 554 1246 ἐς
587 1186 703 1243 πᾶν
734 1182 889 1245 ἔθνος
922 1185 1033 1242 τῶν
1062 1180 1221 1260 ἦρχε,
1254 1185 1488 1259 προεῖπε
1528 1180 1794 1258 οἷτεληΐην
1828 1181 1968 1242 εἶναι

366 1270 669 1346 στρατηίης
696 1270 789 1330 καὶ
816 1267 998 1346 φόρου
1031 1269 1115 1328 ἐπ’
1144 1270 1268 1328 ἔτεα
1296 1269 1443 1346 τρία.
1510 1273 1745 1346 προεῖπε
1768 1271 1873 1345 μὲν
1898 1269 1967 1345 δὴ

273 1358 349 1417 68
365 1361 542 1418 ταῦτα
571 1355 768 1417 αὐτίκα
795 1355 1151 1434 ἐνιστάμενος
1182 1361 1238 1420 ἐς
1262 1356 1367 1432 τὴν
1391 1354 1592 1436 ἀρχήν.
1659 1354 1878 1437 Ὀγδόῳ
1909 1357 1969 1416 δὲ

365 1443 500 1521 μηνὶ
543 1444 760 1526 ἐγένετο
801 1442 1112 1518 κατάδηλος
1144 1442 1335 1523 τρόπω
1369 1444 1581 1524 τοιῷδε·
1620 1441 1860 1550 Ὀτάνης
1898 1443 1969 1520 ἦν

349 1530 716 1608 ὓΦαρνάσπεω
754 1556 858 1608 μεν
889 1533 1037 1601 παῖς,
1068 1531 1218 1612 γένεϊ
1258 1531 1319 1590 δὲ
1359 1532 1453 1590 καὶ
1484 1530 1743 1611 χρήμασι
1777 1530 1971 1608 ὁμοῖος

365 1645 444 1697 τω
472 1618 670 1698 πρώτω
702 1620 988 1696 Περσέων·
1031 1617 1193 1683 οὗτος
1230 1617 1265 1678 ὅ
1302 1617 1545 1694 Ὀτάνης
1578 1623 1799 1696 πρῶτος
1832 1619 1965 1680 υπό-

367 1731 576 1768 πτευσε
600 1707 701 1768 τ’ὀν
727 1705 948 1787 Μάγον,
967 1705 1038 1770 ὥς
1065 1705 1167 1766 οῦκ
1194 1705 1277 1783 εἴη
1297 1705 1329 1766 ὁ
1358 1707 1551 1784 Κύρου
1578 1705 1815 1784 Σμέρδις
1838 1706 1971 1766 ἀλλ’

369 1795 549 1872 ὅσπερ
574 1793 661 1871 ἦν,
687 1794 822 1874 τῇδε
848 1792 1346 1872 συμβαλλόμενος,
1374 1794 1462 1854 ὅτι
1485 1819 1550 1855 τε
1582 1794 1683 1854 οὔκ
1710 1795 1972 1872 ἐξεφοίτα

371 1887 433 1944 ἐκ
457 1887 560 1960 τῆς
585 1881 940 1960 ἀκροπόλιος,
969 1882 1062 1941 καὶ
1093 1881 1182 1942 ὅτι
1208 1881 1308 1943 οὐκ
1335 1882 1531 1943 ἐκάλεε
1558 1887 1613 1945 ἐς
1639 1881 1771 1960 ὄψιν
1798 1886 1973 1963 ἑωυτῷ

371 1969 567 2032 οὐδένα
605 1975 717 2032 τῶν
749 1970 1001 2052 λογίμων
1031 1971 1319 2047 Περσέων·
1360 1968 1717 2034 ύποπτεύσας
1759 1970 1822 2030 δέ
1857 1996 1970 2048 μιν,

372 2059 552 2120 ἐποίεε
580 2059 732 2120 τάδε·
775 2059 911 2137 ἔσχε
945 2055 1118 2118 αύτοΰ
1151 2057 1184 2117 ὅ
1220 2057 1547 2135 Καμβύσης
1581 2058 1873 2139 θυγατέρα,
1900 2062 1973 2138 τῇ

373 2145 586 2224 οὕνομα
620 2145 692 2223 ἦν
717 2147 981 2222 Φαιδίμη·
1019 2144 1126 2220 τήν
1160 2144 1335 2221 αὐτὴν
1361 2144 1431 2220 δη
1462 2144 1671 2221 ταύτην
1699 2146 1821 2234 εἶχε
1845 2145 1973 2207 τότε

371 2233 405 2296 ὅ
449 2234 666 2315 Μάγος,
700 2259 792 2293 και
831 2233 1008 2312 ταύτῃ
1047 2259 1112 2294 τε
1154 2233 1407 2293 συνοίκεε
1448 2233 1541 2292 καὶ
1578 2235 1717 2312 τῇσι
1756 2223 1974 2312 ἄλλῃσι

370 2319 598 2414 πάσῃσι
622 2324 759 2399 τῇσι
782 2323 884 2380 τοῦ
911 2318 1243 2396 Καμβύσεω
1267 2319 1505 2401 γυναιξί·
1545 2320 1778 2397 πέμπων
1804 2319 1941 2396 δή’
1901 2347 1976 2381 ων

373 2407 408 2468 ὅ
447 2399 686 2484 Ὀτάνης
725 2432 880 2484 παρα
921 2407 1126 2483 ταύτην
1168 2407 1273 2482 τὴν
1316 2407 1596 2518 θυγατερα
1642 2407 1976 2469 ἐπυνθάνετο

372 2494 504 2572 παρ’
538 2495 674 2574 ὄτεω
717 2494 1019 2572 ἀνθρώπων
1061 2499 1319 2574 κοιμῷτο,
1366 2495 1476 2554 εἴτε
1518 2520 1662 2572 μετα
1707 2496 1977 2574 Σμέρδιος

373 2586 474 2644 τοῦ
502 2555 712 2660 Κύρόυ,
741 2608 849 2642 ειτε
881 2608 1024 2659 μετα
1050 2582 1237 2642 ἄλλου
1267 2607 1381 2642 τευ·
1421 2582 1462 2659 ἦ
1488 2582 1550 2642 δέ
1581 2586 1635 2643 οἱ
1660 2583 1977 2661 ἀντέπεμπε

372 2671 598 2748 φαμένη
633 2670 696 2731 ού
730 2670 1040 2752 γινώσκειν·
1083 2668 1211 2731 οὔτε
1240 2670 1353 2752 γοὶρ
1378 2669 1478 2732 τόν
1509 2671 1702 2749 Κύρου
1734 2672 1976 2750 Σμέρδιν

379 2758 596 2820 ἰδέσθαι
640 2757 874 2835 οὗδαμα,
919 2757 1046 2818 οὔτε
1086 2757 1246 2823 ὅστις
1289 2759 1374 2835 εἴη
1415 2758 1449 2819 ὁ
1492 2759 1795 2820 συνοικέων
1834 2759 1978 2839 αὐτῇ

378 2847 592 2907 εἰδέναι·
641 2846 856 2924 ἔπεμπε
894 2845 1121 2924 δεύτερα
1161 2874 1194 2908 ο
1234 2846 1475 2923 Ὀτάνης
1512 2847 1711 2929 λέγων·
1754 2856 1790 2884 “
1807 2850 1857 2906 εἰ
1892 2873 1976 2924 μη

377 2960 518 3012 αυτη
567 2933 807 3011 Σμέρδιν
852 2932 953 2995 τὸν
1000 2933 1195 3012 Κύρου
1237 2934 1545 3016 γινώσκεις,
1593 2960 1668 2994 συ
1716 2933 1778 2994 δὲ
1823 2934 1980 3011 παραὶ

375 3021 660 3099 Ἀτόσσης
684 3020 919 3082 πύθευ’
886 3046 1023 3100 οτεῳ
1046 3021 1225 3102 τούτῳ
1246 3022 1520 3081 συνοικέει
1544 3020 1686 3096 αὐτή
1709 3047 1774 3080 τε
1799 3022 1981 3096 ἐκείνη

323 3129 331 3136 ‘
380 3111 472 3171 καὶ
503 3109 598 3170 σύ·
637 3107 857 3171 πάντως
879 3134 990 3189 γαρ
1017 3108 1087 3184 δή
1114 3135 1215 3169 κου
1244 3108 1345 3169 τόν
1368 3134 1437 3190 γε
1474 3113 1675 3184 ἐωυτῆς
1699 3107 1984 3184 αἶδελφεον

377 3195 688 3278 γινώσκει·”
715 3195 1050 3273 ἀντιπέμπει
1074 3196 1217 3274 πρός
1242 3201 1417 3256 ταῦτα
1434 3196 1473 3271 ἦ
1494 3194 1763 3276 θυγάτηρ·
1800 3206 1837 3231 “
1854 3194 1984 3255 οὔτε

378 3283 634 3362 Ἀτόσσῃ
662 3282 898 3361 δύναμαι
924 3288 980 3346 ἐς
1004 3281 1211 3363 λόγους
1238 3284 1439 3350 ἐλθεῖν,
1469 3281 1596 3341 οὕτε
1624 3280 1807 3352 ἄλλην
1830 3281 1984 3341 οὐδε·
