2267 3517
352 115 637 183 209—213]
1042 114 1275 166 KAEIO.
1856 114 1952 163 103

350 195 626 257 ἀπόλοιτο
653 194 725 259 ὦς
746 193 1011 274 τάχιστα·
1053 192 1116 257 ὃς
1147 193 1270 255 ἀντὶ
1300 194 1405 270 μὲν
1430 191 1660 259 δούλων,
1683 191 1952 268 ἐποίησας

352 285 676 360 ἐλευθέρους
728 283 960 358 Πέρσας
1020 281 1176 354 εἶναι,
1239 279 1363 341 α’,ντὶ
1417 280 1476 340 δὲ
1527 279 1804 359 ἄρχεσθαι
1856 278 1952 339 ὕπ’

351 369 543 431 ἄλλων
580 368 771 449 ἄρχειν
810 369 1078 430 ἁπάντων.
1169 373 1216 429 εἰ
1257 368 1322 429 δέ
1360 368 1444 433 τίς
1483 394 1572 428 τοι
1602 367 1731 446 ὄψις
1769 365 1950 449 οἷπαγι·

348 458 547 570 γέλλει
570 458 743 517 παῖδα
766 482 867 519 τον
892 455 1028 535 ἐμον
1068 454 1304 533 νεώτερα
1337 455 1632 533 βουλεύειν
1662 455 1792 532 περὶ
1825 454 1946 528 σέο,

350 544 459 628 ἐγώ
502 571 592 607 τοι
632 545 981 624 παραδίδωμι
1022 545 1276 624 χρῆσθαι
1305 542 1453 623 αὐτῷ
1493 547 1661 604 τοῦτο
1701 542 1738 603 ὅ
1774 568 1832 603 τι
1871 542 1950 603 σύ

347 632 638 711 βούλεαι.”
712 631 1047 708 ’Υστάσπης
1094 633 1199 709 μὲν
1249 631 1502 692 τούτοισι
1555 628 1948 711 ἀμειψάμενος,

350 722 443 781 καὶ
488 720 692 798 διαβας
741 745 843 781 τον
886 718 1144 798 Ἀράξεα,
1198 719 1288 796 ἤϊε
1330 724 1386 785 ἐς
1428 720 1660 798 Πέρσας
1699 716 1965 795 φυλάξων

350 807 517 889 Κύρῳ
554 835 657 871 τον
694 808 869 869 παῖδα
908 811 1163 885 Δαρεῖον.

429 900 619 974 Κῦρος
660 896 721 957 δὲ
761 894 1054 974 προελθων
1106 920 1220 955 απο
1263 898 1366 955 τοῦ
1401 892 1650 973 Ἀράξεω
1695 920 1906 973 ημερης
1921 894 2035 955 211

346 981 493 1059 όδόν,
525 985 705 1049 ἐποίεε
729 983 831 1048 τοὶς
863 982 1119 1061 Κροίσου
1144 981 1444 1057 υποθήκας.
1503 983 1646 1060 μετοὶ
1671 982 1730 1042 δὲ
1755 986 1946 1052 ταῦτα,
2007 1023 2017 1031 -

348 1072 541 1150 Κύρου
578 1099 642 1133 τε
684 1072 777 1133 καὶ
803 1072 1073 1151 Περσέων
1112 1075 1216 1132 τοῦ
1243 1072 1488 1147 καθαροῦ
1528 1073 1774 1147 στρατοῦ
1814 1068 1947 1130 οἷπε-

346 1159 643 1225 λάσαντος”
669 1159 853 1223 ὀπίσω
896 1160 988 1220 ἐπὶ
1010 1158 1112 1220 τδν
1138 1156 1379 1236 Ἀράξεα
1411 1150 1740 1235 λειφθέντος
1762 1157 1822 1217 δὲ
1846 1161 1948 1218 τοῦ

346 1246 599 1327 ἀχρηίου,
652 1250 974 1310 ἐπελθοῦσα
1008 1251 1119 1308 τῶν
1166 1246 1592 1328 Μασσαγετέων
1629 1245 1950 1323 τριτημορὶς

346 1340 448 1396 τοῦ
488 1340 735 1414 στρατοῦ
771 1335 901 1401 τούς
937 1361 1002 1397 τε
1040 1336 1377 1413 λειφθέντας
1419 1338 1522 1409 τῆς
1547 1332 1738 1412 Κύρου
1777 1358 1946 1411 στραν

345 1427 470 1499 τιῆς
521 1423 749 1501 ἐφόνευε
806 1423 1192 1501 ἀλεξομένους,
1261 1423 1354 1483 καὶ
1409 1420 1516 1498 τήν
1582 1421 1947 1500 προκειμένην

349 1510 554 1577 ἰδόντες
626 1512 794 1573 δαῖτα
866 1510 939 1575 ὥς
1012 1508 1384 1590 ἐχειρώσαντο
1460 1508 1591 1575 τοῦς
1673 1510 1947 1573 ἐναντίους

347 1601 626 1664 κλιθέντες
678 1598 947 1673 δαίνυντο,
1001 1599 1386 1675 πληρωθέντες
1448 1598 1508 1658 δὲ
1575 1599 1804 1676 φορβῆς
1855 1598 1950 1657 καὶ

340 1688 501 1757 ,οἴνου
544 1686 722 1749 εὗδον·
765 1690 821 1748 οἱ
856 1686 917 1747 δὲ
948 1686 1174 1763 Πέρσαι
1199 1685 1528 1749 ἐπελθόντες
1553 1684 1806 1749 πολλοῦς
1844 1686 1949 1762 μέν

346 1783 539 1854 σφεων
582 1776 913 1854 ἐφόνευσαν,
940 1778 1144 1853 πολλῷ
1167 1772 1214 1833 δ’
1241 1775 1322 1837 ἔτι
1346 1778 1590 1837 πλεῦνας
1627 1772 1948 1855 ἐζώγρησαν
1995 1786 2001 1792 ’

347 1866 440 1925 καὶ
478 1864 693 1929 ἄλλους
730 1865 823 1925 καὶ
856 1863 957 1924 τὸν
990 1867 1092 1939 τῆς
1126 1863 1431 1939 βασιλείης
1460 1861 1736 1939 Τομύριος
1773 1862 1950 1921 παῖδα

345 1954 764 2035 στρατηγέοντα
805 1952 1248 2032 Μασσαγετέων,
1287 1954 1366 2029 τῷ
1401 1976 1611 2026 ουνομα
1645 1948 1716 2025 ἦν
1759 1950 1944 2025 Σπαρ-

344 2041 607 2120 γαπίσης.
661 2039 737 2101 ‘H
764 2041 841 2111 δὲ,
868 2039 1158 2116 πυθομένη
1181 2037 1255 2099 τά
1277 2062 1341 2098 τε
1365 2037 1495 2115 περὶ
1511 2036 1617 2112 τήν
1637 2060 1908 2113 στρατιην
1925 2038 2043 2097 212

347 2127 622 2209 γεγονότα
662 2127 756 2187 καὶ
784 2154 858 2189 τα
881 2128 1011 2205 περὶ
1047 2126 1149 2188 τὸν
1184 2126 1372 2199 παῖδα,
1403 2116 1708 2202 πέμπουσα
1732 2121 1944 2200 κήρυκα

349 2239 504 2294 παρα
529 2219 724 2294 Κῦρον
768 2217 927 2297 ἔλεγε
967 2214 1118 2275 τάδε·
1163 2222 1200 2251 “
1215 2214 1476 2290 απληστε
1513 2212 1747 2289 αἵματος
1773 2215 1943 2289 Κῦρε,

347 2302 521 2380 μηδὲν
546 2303 794 2382 ἐπαρθῇς
818 2306 895 2382 τῷ
918 2302 1175 2385 γεγονότι
1198 2302 1335 2381 τῷᾶ
1360 2299 1665 2382 πρήγματι,
1696 2303 1744 2359 εἰ
1775 2298 1948 2376 οἷμπε-

348 2390 485 2469 λίνῳ
527 2395 735 2470 καρπῷ,
782 2395 966 2470 τῷπερ
1014 2389 1175 2450 αὐτοὶ
1225 2388 1638 2467 ἐμπιπλάμενοι
1679 2388 1950 2465 μαίνεσθε

349 2476 491 2538 οὕτω
532 2478 677 2540 ὥστε
718 2478 1002 2543 κατιόντος
1024 2482 1126 2540 τοῦ
1155 2478 1307 2539 οἴνου
1344 2482 1400 2541 ἐς
1435 2477 1504 2538 τό
1545 2480 1714 2554 σῶμα
1750 2481 1948 2537 ἐπανα-

346 2566 555 2627 πλώειν
578 2566 711 2644 ύμῖν
746 2568 883 2627 ἔπεα
908 2566 1067 2638 κακοὶ,
1107 2565 1340 2645 τοιούτῳ
1372 2564 1650 2644 φαρμάκῳ
1693 2563 1950 2628 δολώσας

350 2653 659 2731 ἐκράτησας
683 2654 881 2720 παιδὸς
904 2660 1006 2716 τοῦ
1033 2658 1186 2731 ἐμοῦ,
1219 2653 1352 2714 ἀλλ’
1390 2654 1456 2714 οὖ
1497 2653 1656 2733 μάχῃ
1701 2652 1842 2713 κατὰ
1879 2652 1946 2713 τό

350 2741 627 2820 καρτερόν.
711 2747 811 2803 νῦν
852 2742 929 2803 ὦν
972 2768 1078 2820 μευ
1127 2741 1189 2801 εὖ
1230 2739 1638 2819 παραινεούσης
1683 2739 1947 2817 ὖπόλαβε

347 2827 447 2889 τᾶν
487 2829 677 2911 λόγον·
720 2827 961 2894 οἷποδούς
1001 2856 1101 2907 μοι
1143 2829 1243 2891 τᾶν
1276 2830 1450 2909 παῖδα
1491 2828 1650 2890 ἄπιθι
1682 2832 1742 2887 ἐκ
1775 2828 1951 2904 τῆσδε

346 2920 450 2995 τῆς
484 2917 671 2997 χώρης
705 2917 951 2995 ἀζήμιος,
995 2918 1422 2999 Μασσαγετέων
1461 2916 1808 2995 τριτημορίδι
1848 2918 1948 2975 τοῦ

350 3010 603 3083 στρατοῦ
648 3007 1013 3082 κατυβρίσας·
1059 3010 1107 3065 εἷ
1144 3006 1204 3065 δὲ
1241 3005 1321 3083 μὴ
1361 3008 1538 3065 ταῦτα
1565 3004 1640 3064 σῦ
1674 3002 1945 3077 ποιήσεις,

347 3091 560 3169 ἥλιον’
534 3092 813 3172 επόμνυμί
823 3118 911 3154 τοι
928 3120 1028 3154 τον
1041 3094 1468 3174 Μασσαγετέων
1488 3088 1818 3164 δεσπότην’
1781 3115 1818 3163 η
1833 3087 1948 3164 μὴν
2030 3132 2038 3137 -

346 3206 422 3242 σε
455 3180 565 3264 ἐγω
600 3181 693 3243 καὶ
726 3180 1074 3257 απληστον’
1048 3180 1212 3241 εόντα
1227 3181 1460 3259 αἵματος
1480 3177 1704 3254 κορέσω.
1707 3174 1738 3193 ”
1796 3178 1909 3233 Κῦ-
1925 3177 2044 3234 213

352 3299 453 3342 ρος
470 3269 577 3348 μέν
601 3296 701 3333 νυν
724 3274 835 3332 τῶν
862 3269 1035 3330 ἐπέων
1060 3268 1260 3329 οὐδένα
1280 3265 1489 3328 τούτων
1527 3259 1947 3339 ἀνενειχθέντων
