2267 3517
263 124 361 184 284
871 123 1241 172 ‘HPOAOTOT
1741 121 1867 188 [IV.

263 201 326 261 δὲ
365 203 726 279 Κιμμερίους,
768 201 1032 262 ἐπιόντων
1065 201 1336 271 Σκυθέων,
1376 201 1760 278 βουλεύεσθαι
1802 203 1873 266 ὥς
1940 273 1948 278 ,

263 295 509 366 στρατοῦ
562 289 811 353 ἐπιόντος
868 289 1140 371 μεγάλου·
1224 290 1317 348 καὶ
1376 290 1444 365 δή
1498 290 1599 353 τοῖς
1648 290 1872 370 γνώμας

263 378 458 453 σφέων
530 378 955 455 κεχωρισμένας,
1025 376 1278 440 ἐντόνους
1350 379 1455 453 μὲν
1530 377 1869 454 ἀμφοτέρας,

263 465 467 541 α’μείνω
505 465 564 524 δὲ
600 464 704 540 τὴν
737 469 850 525 τῶν
883 465 1196 541 βασιλέων·
1237 463 1343 540 τήν
1377 467 1481 542 μὲν
1520 465 1630 546 γὰρ
1670 465 1736 540 δή
1768 465 1870 526 τοῦ

265 553 442 631 δήμου
484 553 675 628 φέρειν
712 552 940 634 γνώμην
986 552 1057 616 ὦς
1096 552 1589 612 ἀπαλλάσσεσθαι
1634 551 1871 634 πρῆγμα

265 641 365 716 εἴη,
409 640 550 716 μηδὲ
590 639 732 717 πρὸς
770 639 1026 704 πολλοῦς
1065 639 1328 715 δεόμενον
1368 639 1711 700 κινδυνεύειν·
1767 641 1872 716 τὴν

263 728 325 788 δὲ
349 733 459 788 τῶν
483 729 792 805 βασιλέων,
822 727 1201 806 διαμάχεσθαι
1226 729 1355 805 περὶ
1379 732 1481 803 τῆς
1506 727 1693 806 χώρης
1716 731 1871 788 τοῖσι

265 820 506 877 ἐπιοῦσι·
575 815 751 877 οὔκων
801 815 872 892 δῆ
929 818 1144 876 ἐθέλειν
1196 817 1495 876 πείθεσθαι
1544 815 1671 875 οὔτε
1717 819 1869 876 τοῖσι

261 906 579 982 βασιλεῦσι
603 905 703 965 τόν
730 905 923 981 δῆμον,
953 904 1081 964 οὔτε
1113 909 1193 984 τῷ
1224 904 1381 983 δήμῳ
1411 904 1542 984 τοῦς
1566 905 1867 980 βασιλέας·

262 991 394 1056 τούς
426 996 530 1070 μὲν
563 993 631 1069 δὴ
670 992 1158 1053 ἀπαλλάσσεσθαι
1194 991 1578 1069 βουλεύεσθαι
1605 990 1868 1070 ἀμαχητὶ,

261 1080 368 1156 τήν
417 1081 606 1160 χώρην
659 1079 1008 1158 παραδόντας
1067 1084 1223 1141 τοῖσι
1283 1085 1523 1140 ἐπιοῦσι·
1605 1083 1760 1140 τοῖσι
1810 1080 1869 1139 δὲ

263 1169 581 1244 βασιλεῦσι
607 1169 764 1240 δόξαι
791 1174 850 1229 ἐν
875 1173 947 1247 τῇ
974 1172 1185 1230 ἑωυτῶν
1214 1169 1441 1229 κέεσθαι
1467 1167 1866 1239 ἀποθανόντας,

263 1256 406 1332 μηδὲ
459 1257 805 1339 συμφεύγειν
849 1260 926 1335 τῷ
970 1255 1143 1336 δήμῳ,
1200 1256 1608 1338 λογισαμένους
1648 1254 1763 1315 ὅσα.
1800 1282 1865 1316 τε

263 1342 451 1424 σ’,γαθοὶ
497 1344 817 1405 πεπόνθασι
870 1345 962 1402 καὶ
1003 1344 1118 1404 ὅσα
1160 1343 1470 1424 φεύγοντας
1513 1348 1574 1402 ἐκ
1620 1347 1721 1418 τῆς
1762 1369 1867 1402 πα-

262 1431 446 1507 τρίδος
489 1432 632 1491 κακοὶ
675 1431 901 1500 ἐπίδοξα
937 1431 1415 1508 καταλαμβάνειν·
1486 1430 1558 1494 ὦς
1604 1431 1663 1490 δὲ
1710 1430 1867 1501 δόξαι

263 1523 378 1592 σφι
427 1509 620 1588 ταῦτα,
674 1517 1020 1592 διαστάντας,
1071 1520 1164 1577 καὶ
1215 1519 1453 1596 ἀριθμόν
1507 1519 1666 1580 ἴσους
1710 1545 1865 1600 γενο-

261 1605 476 1681 μένους,
529 1605 816 1684 μάχεσθαι
867 1605 1009 1682 πρός
1062 1605 1370 1682 ἀλλήλους·
1440 1607 1533 1665 καὶ
1584 1605 1714 1670 τοῦς
1763 1609 1867 1683 μὲν

262 1691 643 1757 ἀποθανόντας
685 1693 896 1756 πάντας
936 1691 1030 1753 ὕπ’
1063 1697 1292 1764 ἑωυτῶν,
1330 1693 1509 1773 θάψαι
1545 1694 1646 1754 τόν
1689 1695 1868 1771 δῆμον

259 1784 371 1842 τῶν
416 1782 740 1859 Κιμμερίων
777 1781 932 1859 παρὰ
971 1782 1227 1859 ποταμὸν
1268 1781 1631 1858 Τύρην-καί
1673 1788 1867 1856 σφεων

264 1868 344 1927 ἔτι
397 1869 569 1946 δῆλός
616 1875 740 1931 ἐστι
783 1870 815 1930 ὁ
856 1869 1409 1947 τάφος-θάψαντας
1454 1869 1530 1938 δὲ,
1579 1867 1722 1929 οὕτω
1762 1869 1867 1944 τήν

263 1956 452 2026 ἔξοδον
481 1963 540 2018 ἐκ
566 1962 668 2036 τῆς
691 1958 876 2038 χώρης
899 1958 1213 2018 ποιέεσθαι·
1258 1957 1476 2023 Σκύθας
1508 1958 1568 2016 δὲ
1604 1956 1863 2018 ἐπελθόν·

181 2052 362 2111 12τας
395 2048 601 2123 λαβεῖν
634 2048 845 2124 ἐρήμην
880 2046 985 2122 τὴν
1019 2045 1227 2125 χώρην.
1310 2046 1428 2104 Καὶ
1463 2047 1561 2105 νῦν
1602 2046 1726 2105 ἔστι
1762 2047 1865 2122 μὲν

263 2136 323 2192 ἐν
351 2137 424 2211 τῇ
463 2136 708 2213 Σκυθικῇ
742 2134 1030 2211 Κιμμέρια
1058 2134 1267 2212 τείχεα·
1310 2133 1433 2192 ἔστι
1466 2132 1525 2217 δέ
1562 2133 1865 2210 Πορθμήῖα

264 2222 568 2297 Κιμμέρια·
611 2223 733 2282 ἔστι
759 2222 818 2280 δὲ
845 2220 937 2280 καὶ
967 2220 1122 2300 χώρη
1152 2219 1363 2297 οὕνομα
1395 2221 1699 2297 Κιμμερίη·
1743 2222 1864 2281 ἔστι

263 2307 324 2366 δὲ
357 2307 655 2386 Βόσπορος
692 2310 1004 2386 Κιμμέριος
1042 2307 1396 2385 καλεόμενος.
1479 2309 1773 2384 φαίνονται
1805 2308 1863 2367 δὲ

265 2397 318 2452 οἱ
354 2396 658 2472 Κιμμέριοι
696 2396 995 2477 φεύγοντες
1026 2400 1082 2458 ἐς
1119 2395 1225 2471 τὴν
1249 2395 1452 2471 Ἀσίην
1476 2395 1607 2460 τοῦς
1644 2388 1862 2460 Σκύθας

267 2481 360 2540 καὶ
400 2481 504 2556 τὴν
545 2483 901 2560 χερσόνησον
941 2483 1246 2554 κτίσαντες,
1289 2487 1348 2544 ἐν
1386 2487 1460 2563 τῇ
1501 2487 1600 2544 νῦν
1636 2483 1884 2560 Σινώπη-

259 2569 427 2633 πόλις
451 2570 664 2635 Ἑλλσῖς
691 2573 952 2631 οἴκισται·
996 2573 1231 2649 φανεροὶ
1272 2571 1336 2631 δέ
1374 2576 1487 2632 εἶσι
1524 2573 1618 2632 καὶ
1644 2576 1697 2632 οἶ
1725 2572 1861 2639 Σκύ-

267 2658 361 2717 θαι
408 2658 694 2729 διῶξαντες
740 2659 938 2724 αὐτοῦς
982 2658 1076 2719 καὶ
1121 2658 1469 2737 ἐσβαλόντες
1512 2665 1569 2724 ἐς
1610 2665 1720 2742 γῆν
1761 2660 1865 2736 τήν

267 2744 542 2822 Μηδικὴν,
583 2746 924 2826 ἁμαρτόντες
956 2751 1058 2824 τῆς
1091 2747 1245 2808 ὁδοῦ·
1287 2751 1341 2807 οἶ
1370 2750 1473 2826 μὲν
1503 2749 1614 2831 γάρ
1644 2749 1862 2826 Κιμμέ-

259 2858 371 2909 ριοι
398 2834 504 2892 αἰεὶ
530 2835 634 2912 τὴν
659 2837 815 2912 παροὶ
851 2836 1156 2897 θάλασσαν
1183 2836 1439 2917 ἔφευγον·
1482 2840 1536 2896 οἱ
1566 2837 1627 2896 δὲ
1653 2837 1863 2901 Σκύθαι

259 2923 319 2978 ἐν
359 2921 507 3000 δεξιῇ
547 2922 645 2983 τᾶν
685 2922 993 2983 Καύκασον
1033 2924 1253 3002 ἔχοντες
1294 2923 1535 2984 ἐδίωκον·
1584 2928 1641 2986 ἐς
1673 2923 1707 2984 ὃ
1740 2925 1860 2982 ἐσέ-

255 3007 446 3081 βαλον
487 3016 541 3074 ἐς
575 3010 681 3086 τήν
714 3011 975 3086 Μηδικὴν
1012 3014 1139 3091 γῆν,
1168 3015 1223 3074 ἐς
1252 3009 1567 3090 μεσόγαιαν
1597 3014 1699 3086 τῆς
1728 3009 1860 3069 όδοῦ

256 3097 614 3170 τραφθέντες.
695 3096 856 3160 οὗτος
881 3097 940 3156 δὲ
967 3097 1146 3158 ἄλλος
1173 3097 1331 3166 ξυνὸς
1354 3096 1645 3172 Ἑλλήνων
1674 3122 1735 3156 τε
1762 3096 1856 3155 καὶ

258 3181 567 3259 Βαρβάρων
592 3184 896 3265 λεγόμενος
921 3183 1096 3264 λόγος
1123 3184 1353 3259 εἴρηται.

327 3265 486 3337 Ἔφη
526 3271 586 3330 δὲ
623 3270 915 3346 Ἀριστέης
955 3268 987 3329 ὁ
1029 3268 1455 3346 Καϋστροβίου,
1509 3265 1649 3344 οἷνήρ
1700 3273 1851 3346 Προ-
