2267 3517
303 124 366 191 ιι
920 123 1286 174 ἭΡοΔοωοτ
1834 118 1905 185 [1.

299 203 370 278 δή
406 207 483 282 τῷ
517 203 706 265 θύοντι
748 204 857 282 ἰδίῃ
896 202 1082 282 μούνῳ
1129 202 1196 262 οὔ
1240 206 1294 262 οἶ
1335 203 1611 283 ἐγγίνεται
1658 198 1907 278 οἷρᾶσθαι

301 290 506 371 ἀγαθά·
549 291 580 351 ὅ
610 291 668 350 δὲ
692 297 840 351 πᾶσι
865 295 1019 350 τοῖσι
1037 291 1307 370 Πέρσῃσι
1327 287 1652 367 κατεύχεται
1681 287 1741 347 εὖ
1765 289 1906 370 γίνε-

304 380 456 448 σθαι,
501 381 593 438 καὶ
633 384 709 457 τῷ
741 378 998 456 βασιλεῖ·
1043 384 1101 438 ἐν
1131 378 1243 460 γὰρ
1278 377 1345 453 δή
1372 380 1524 436 τοῖσι
1552 374 1735 435 ἅπασι
1760 378 1908 455 Πέρ-

303 492 446 545 σῃσι
479 469 570 526 καὶ
609 468 775 530 αὗτός
798 469 1028 549 γίνεται·
1071 465 1239 526 ε’πεσῖν
1266 465 1326 525 δὲ
1362 463 1731 541 διαμιστύλας
1766 466 1909 525 κατὰ

300 555 474 631 μέρεα
512 554 578 614 τό
614 554 791 633 ἱρήϊον
819 554 1006 634 ἑψήσῃ
1031 553 1104 613 τοὶ
1131 553 1281 630 κρέα,
1310 551 1610 614 ὑποπάσας
1644 553 1811 627 ποίην
1836 551 1907 617 ὥς

305 641 678 718 ἁπαλωτάτην
712 641 970 719 μάλιστα
1004 642 1065 701 δὲ
1097 641 1165 702 τό
1203 642 1537 718 τρίφυλλον,
1574 639 1668 698 ε’πὶ
1703 639 1906 717 ταύτης
1952 686 1957 691 .

306 730 466 806 ἔθηκε
500 730 573 790 ὧν
602 729 787 790 πάντα
817 729 890 790 τσῖ
922 730 1074 808 κρέα·
1118 729 1402 791 διαθέντος
1427 727 1488 786 δὲ
1512 725 1699 797 αὐτοῦ,
1725 727 1907 809 μάγος

304 815 444 894 ἀνὴρ
483 817 804 896 παρεστεῶς
844 817 1084 877 ἐπαείδει
1123 816 1413 897 θεογονίην
1445 814 1568 888 οἴην
1600 814 1669 889 δή
1709 820 1906 875 ἐκεῖνοι

302 905 540 986 λέγουσι
579 906 718 965 εἶναι
751 906 855 980 τήν
887 903 1170 980 ἐπαοιδήν·
1213 902 1341 963 ἄνευ
1372 901 1485 983 γοῖρ
1521 901 1588 977 δὴ
1614 902 1801 984 μάγου
1840 902 1905 964 οὔ

304 998 418 1069 σφι
457 993 625 1068 νόμος
662 993 785 1052 ἐστὶ
819 994 1016 1056 θυσίας
1055 991 1368 1051 ποιέεσθαι·
1426 989 1675 1069 ἐπισχών
1699 990 1760 1050 δὲ
1787 990 1904 1051 ὀλί-

302 1105 407 1160 γον
439 1079 660 1158 χρόνον,
690 1079 1036 1158 α’ποφέρεται
1060 1078 1094 1140 ὁ
1121 1078 1299 1142 θύσας
1324 1076 1396 1139 τοὶ
1423 1078 1557 1156 κρέα
1584 1078 1674 1137 καὶ
1698 1083 1905 1158 χρᾶται

303 1164 339 1226 ὅ
361 1174 538 1244 τιμιν
565 1168 737 1249 λόγος
765 1168 953 1244 αἱρέει.

211 1256 323 1313 133
404 1254 656 1332 Ἤμέρην
681 1256 740 1315 δὲ
767 1255 1028 1315 ἁπασέων
1052 1256 1311 1332 μάλιστα
1336 1254 1545 1330 ε’κείνην
1563 1257 1733 1331 τιμᾶν
1751 1256 1902 1332 νομί-

305 1340 466 1413 ζουσι
500 1347 572 1421 τῇ
612 1344 844 1405 ἕκαστος
877 1344 1114 1425 ἐγένετο.
1184 1348 1241 1403 ἐν
1264 1341 1441 1423 ταύτῃ
1466 1342 1527 1401 δὲ
1550 1343 1706 1401 πλέω
1744 1343 1905 1403 δαῖτα

300 1433 411 1490 τῶν
453 1428 646 1489 ἄλλων
688 1430 961 1490 δικαιεῦσι
1001 1431 1389 1508 προτίθεσθαι·
1432 1434 1490 1490 ἔν
1523 1434 1596 1508 τῇ
1635 1433 1690 1489 οἶ
1732 1430 1904 1491 εὖδαί-

301 1541 468 1593 μονες
507 1516 686 1577 αὐτῶν
720 1518 866 1593 βοῦν
907 1520 999 1577 καὶ
1037 1518 1210 1578 ἵππον
1242 1518 1333 1577 καὶ
1366 1516 1619 1595 κάμηλον
1651 1518 1744 1577 καὶ
1778 1516 1906 1580 ὄνον

302 1605 680 1681 προτιθέαται,
710 1604 877 1669 ὅλους
908 1605 1112 1669 ὄπτοῧς
1147 1610 1205 1666 ἔν
1232 1606 1535 1682 καμίνοισι·
1578 1608 1632 1663 οἱ
1658 1605 1717 1663 δὲ
1741 1606 1902 1682 πένη-

299 1717 390 1755 τες
433 1691 612 1752 αὐτῶν
651 1692 724 1752 τοὶ
774 1692 957 1752 λεπτὰ
1007 1697 1119 1754 τῶν
1165 1692 1471 1772 προβάτων
1506 1694 1903 1771 προτιθέαται.

300 1780 516 1840 σίτοισι
552 1781 611 1839 δὲ
651 1780 901 1862 ὀλίγοισι
939 1783 1227 1860 χρέωνται,
1265 1779 1655 1858 ἐπιφορήμασι
1681 1781 1742 1839 δὲ
1764 1786 1905 1840 πολ-

296 1870 456 1927 λοῖσι
502 1869 593 1928 καὶ
640 1868 740 1928 οὐκ
781 1867 969 1928 ἁλέσι·
1026 1870 1118 1929 καὶ
1159 1868 1250 1929 διὰ
1288 1874 1457 1929 τοῦτο
1498 1869 1647 1944 φασὶ
1677 1869 1904 1945 Πέρσαι

300 1964 338 1989 “
351 1955 482 2019 τοῦς
517 1955 807 2033 Ἕλληνας
853 1958 1208 2034 σιτεομένους
1257 1960 1557 2019 πεινῶντας
1605 1954 1900 2027 παύεσθαι,

298 2042 385 2102 ὅτι
438 2050 551 2119 σφι
601 2042 713 2105 :iord
769 2044 992 2105 δείπνου
1044 2044 1465 2124 παραφορέεται
1515 2041 1673 2104 οὐδὲν
1725 2043 1903 2125 λόγου

295 2127 470 2199 ἄξιον·
527 2136 574 2191 εἰ
607 2132 669 2191 δέ
701 2158 757 2193 τι
796 2133 1202 2211 παραφέροιτο,
1230 2132 1523 2195 ἐσθίοντας
1558 2130 1627 2191 ἂν
1665 2130 1731 2191 ού
1764 2132 1901 2191 παύ-

297 2218 512 2277 εσθαι.”
577 2220 704 2298 οἴνῳ
748 2219 807 2279 δὲ
851 2220 1026 2298 κάρτα
1066 2222 1435 2300 προσκέαται·
1498 2220 1597 2279 καί
1644 2225 1757 2296 σφι
1802 2218 1902 2279 οὐκ

302 2306 502 2381 ἐμέσαι
531 2306 728 2376 ἔξεστι,
759 2306 880 2366 οὐκὶ
907 2307 1148 2386 οὐρῆσαι
1174 2308 1361 2368 ἀντίον
1387 2305 1591 2367 ἄλλου.
1663 2337 1667 2341 ·

381 2396 573 2451 Ταῦτα
610 2392 714 2468 μέν
741 2418 837 2452 νυν
864 2393 1004 2454 οὕτω
1038 2395 1422 2471 φυλάσσεται.
1489 2393 1901 2471 μεθυσκόμενοι

297 2478 357 2537 δὲ
385 2478 592 2539 ἐώθασι
615 2478 996 2555 βουλεύεσθαι
1019 2481 1092 2541 τοὶ
1119 2482 1573 2542 σπουδαιέστατα
1597 2486 1707 2542 τῶν
1724 2508 1898 2564 πρηγ-

292 2564 503 2643 μάτων·
542 2566 609 2627 τό
644 2566 689 2625 δ’
716 2565 784 2626 ἂν
821 2567 926 2648 ἅδῃ
967 2574 1080 2645 σφι
1114 2569 1601 2646 βουλευομένοισι,
1626 2574 1794 2629 τοῦτο
1826 2573 1901 2649 τῇ

294 2653 562 2734 ὑστεραίῃ
600 2654 849 2733 νήφουσι
888 2658 1147 2735 προτιθεῖ
1183 2656 1216 2717 ὅ
1255 2658 1569 2737 στέγαρχος
1610 2661 1667 2716 ἔν
1696 2662 1798 2718 τοῦ
1833 2656 1901 2717 ἂν

299 2740 480 2805 ἐόντες
518 2743 920 2818 βουλεύωνται·
975 2746 1068 2804 καὶ
1107 2744 1178 2821 ἢν
1216 2747 1321 2821 μὲν
1361 2744 1467 2823 ἅδῃ
1501 2745 1594 2804 καὶ
1633 2744 1899 2820 νήφουσι,

295 2829 567 2908 χρέωνται
607 2830 800 2911 αὐτέῳ·
848 2830 918 2907 ἦν
949 2833 1009 2892 δὲ
1046 2832 1127 2910 μὴ
1172 2832 1294 2911 ἅδῃ,
1336 2835 1595 2909 μετιεῖσι·
1642 2831 1713 2891 τοῖ
1751 2831 1797 2891 δ’
1832 2830 1902 2892 ἂν
1979 2866 1995 2873 -

297 2916 570 2993 νήφοντες
608 2919 1159 2997 προβουλεύσωνται,
1186 2918 1597 2998 μεθυσκόμενοι
1638 2919 1901 3000 ἐπιδιαγι-

205 3005 317 3064 134
341 3005 638 3066 νῶσκουσι.
712 3006 1175 3088 Ἐντυγχάνοντες
1222 3006 1269 3066 δ’
1309 3006 1622 3083 α’λλήλοισι
1669 3012 1729 3066 ἐν
1766 3010 1902 3083 τῇσι

297 3091 497 3165 ὁδοῖσι,
524 3095 663 3174 τῷδε
692 3093 760 3154 ἄν
783 3120 867 3157 τις
893 3094 1143 3175 διαγνοίη
1170 3098 1219 3153 εἰ
1244 3093 1429 3170 ὁμοῖοι
1456 3094 1568 3153 εἰσὶ
1587 3096 1642 3152 οἱ
1666 3117 1902 3171 συντυγ-

295 3181 580 3257 χάνοντες·
633 3180 762 3242 α’ντὶ
800 3181 914 3261 γοὶρ
959 3186 1061 3241 τοῦ
1106 3179 1546 3262 προσαγορεύειν
1592 3178 1899 3254 ἀλλήλους,

301 3271 568 3343 φιλέουσι
592 3274 745 3330 τοῖσι
770 3267 1042 3345 στόμασι·
1084 3265 1156 3344 ἦν
1181 3269 1241 3328 δὲ
1265 3268 1305 3347 ᾖ
1331 3268 1553 3344 οὕτερος
1575 3264 1899 3325 ὖποδεέστε-
