2267 3517
309 104 404 152 204
916 105 1284 155 ἩΡοΔοΤοϊ
1766 102 1899 168 [111.

301 180 638 259 ἀλλόθροον,
683 187 1040 262 μηχανῶνται
1084 187 1323 264 πρῆγμα
1364 187 1419 247 ἐς
1464 180 1634 242 αὖτόν
1666 181 1900 242 τοιόνδε·

303 267 452 345 ἦσαν
480 275 559 348 τῷ
589 269 744 349 Φάνῃ
770 271 963 334 παῖδες
999 275 1057 330 ἐν
1089 271 1355 352 Αἰγύπτῳ
1383 270 1899 346 καταλελειμμένοι·

303 356 433 419 τούς
471 356 772 438 α’,γαγόντες
812 364 868 421 ἐς
904 358 970 418 τὸ
1013 356 1394 436 στρατόπεδον
1430 357 1523 416 καὶ
1556 363 1612 419 ἐς
1647 355 1778 434 ὄψιν
1803 360 1903 416 τοῦ

305 443 530 520 πατρὸς,
569 449 817 521 κρητῆρα
850 450 907 505 ἐν
937 446 1094 524 μέσῳ
1136 447 1385 520 ἔστησαν
1424 443 1756 522 ἀμφοτέρων
1793 449 1904 504 τῶν

306 532 714 608 στρατοπέδων·
752 533 896 611 μετὰ
927 533 1003 605 δὲ,
1032 532 1343 615 ἀγινέοντες
1376 532 1515 592 κατὰ
1542 533 1638 592 ἕνα
1665 531 1903 592 ἕκαστον

305 623 416 679 τῶν
456 620 664 680 παίδων
707 621 955 697 ἔσφαζον
989 625 1044 684 ἐς
1076 620 1177 680 τᾶν
1221 625 1488 697 κρητῆρα·
1551 619 1643 678 διαὶ
1683 618 1902 680 πάντων

308 706 367 765 δὲ
419 706 789 777 διεξελθόντες
845 712 955 769 τῶν
1015 708 1241 779 παίδων,
1296 706 1446 768 οἶνόν
1502 733 1564 767 τε
1618 707 1709 766 καὶ
1759 705 1901 784 ὕδωρ

310 794 617 871 ἐσεφόρεον
670 801 726 859 ἐς
777 795 960 856 αὐτόν·
1046 795 1336 873 ἐμπιόντες
1400 795 1460 854 δὲ
1516 799 1617 854 τοῦ
1669 794 1911 872 αἵματος,

306 881 508 946 πάντες
533 886 587 942 οἱ
613 885 894 960 ἐπίκουροι
931 882 1072 943 οὕτω
1104 883 1173 958 δή
1210 883 1551 959 συνέβαλον.
1631 882 1819 961 μάχης
1844 883 1905 942 δὲ

307 971 607 1051 γενομένης
657 974 924 1048 καρτερῆς
977 971 1070 1030 καὶ
1120 969 1408 1030 πεσόντων
1458 969 1523 1039 ἐξ
1564 968 1903 1047 ἀμφοτέρων

306 1061 417 1118 τῶν
469 1055 860 1136 στρατοπέδων
915 1057 1125 1134 πλήθεϊ
1192 1061 1439 1128 πολλῶν,
1493 1057 1797 1136 ἐτράποντο
1847 1061 1904 1118 οἱ

307 1145 621 1226 Αἰγύπτιοι.

217 1235 292 1293 12
391 1238 597 1312 Θῶυμα
642 1235 703 1294 δὲ
753 1234 901 1316 μέγα
939 1234 1058 1294 ἴδον
1097 1224 1410 1311 πυθόμενος
1447 1233 1601 1312 παρὰ
1638 1237 1749 1293 τῶν
1788 1238 1903 1293 ἐπι-

310 1321 540 1400 χωρίων·
581 1325 692 1382 τῶν
721 1321 832 1402 γοῖρ
875 1321 1086 1381 ὀστέων
1110 1322 1551 1401 περικεχυμένων
1575 1322 1744 1401 χωρὶς
1783 1325 1904 1380 ἐκα-

308 1408 479 1484 τέρων
502 1413 612 1469 τῶν
649 1415 706 1469 ἐν
740 1413 812 1488 τῇ
853 1408 1010 1488 μάχῃ
1036 1409 1213 1487 ταύτῃ
1242 1409 1547 1470 πεσόντων·
1586 1409 1778 1488 (χωρὶς
1800 1411 1904 1487 μὲν

307 1495 418 1577 γαρ
469 1499 580 1556 τῶν
625 1497 894 1573 Περσέων
946 1497 1127 1556 ἐκέετο
1166 1496 1240 1557 τὰ
1279 1495 1469 1567 ὀστέα,
1512 1497 1584 1561 ὥς
1624 1498 1903 1576 ἐχωρίσθη

311 1582 428 1643 κατ’
456 1581 649 1662 άρχσῖς,
680 1584 901 1660 ἑτέρωθι
940 1584 999 1642 δὲ
1032 1587 1143 1643 τῶν
1179 1585 1535 1665 Αἰγυπτίων)
1580 1587 1639 1643 αἱ
1666 1586 1771 1661 μὲν
1794 1589 1904 1646 τῶν

309 1673 576 1747 Περσέων
602 1673 853 1747 κεφαλαί
875 1675 986 1731 εἶσι
1013 1670 1273 1734 ἀσθενέες
1297 1671 1453 1743 οὕτω,
1476 1671 1620 1733 ὥστε
1648 1677 1696 1732 εἰ
1722 1673 1903 1737 θέλεις

307 1759 480 1838 ψήφῳ
540 1758 718 1839 μούνῃ
785 1759 1020 1837 βαλέειν
1079 1759 1491 1836 διατετρανέεις·
1573 1764 1631 1820 αἱ
1683 1760 1744 1818 δὲ
1792 1764 1904 1820 τῶν

307 1849 622 1929 Αἰγυπτίων
655 1847 796 1908 οὕτω
827 1847 896 1923 δή
928 1874 984 1909 τι
1027 1849 1271 1927 ἰσχυραὶ,
1303 1849 1469 1930 μόγις
1508 1845 1575 1909 ἂν
1605 1848 1747 1927 λίθῳ
1777 1851 1903 1907 παί-

308 1961 417 2000 σας
443 1935 803 2014 διαρρήξειας.
887 1937 1064 1997 αἴτιον
1103 1937 1164 1995 δὲ
1187 1934 1385 1996 τούτου
1418 1935 1547 1996 τόδε
1574 1937 1783 2017 ἔλεγον,
1811 1936 1903 1994 καὶ

311 2026 412 2102 ἐμέ
441 2024 495 2106 γ’
534 2025 797 2090 εὐπετέως
833 2025 1070 2085 ἔπειθον·
1113 2023 1201 2083 ὅτι
1231 2022 1529 2105 Αἰγύπτιοι
1566 2025 1670 2099 μὲν
1709 2022 1904 2083 αὐτίκα

306 2110 420 2174 οἷπὸ
455 2113 685 2173 παιδίων
716 2112 1016 2190 ἀρξάμενοι
1056 2111 1341 2189 ξυρεῧνται
1374 2110 1474 2175 τὰς
1510 2111 1777 2187 κεφαλὰς,
1814 2111 1907 2170 καὶ

306 2201 448 2277 πρὸς
497 2200 597 2260 τᾶν
645 2198 811 2276 ἥλιον
863 2199 1169 2278 παχύνεται
1219 2199 1287 2258 τό
1341 2197 1561 2259 ὀστέον·
1626 2198 1803 2260 τῶυτό
1846 2200 1907 2259 δὲ

307 2293 474 2349 τοῦτο
503 2288 595 2346 καὶ
619 2292 720 2348 τοῦ
745 2285 826 2365 μή
866 2286 1303 2363 φαλακροῦσθαι
1339 2285 1517 2347 αἴτιόν
1553 2291 1695 2348 ἐστι·
1736 2291 1905 2370 Αἰγυ-

306 2375 480 2434 πτίων
529 2374 641 2456 γσῖρ
695 2373 764 2434 ἄν
815 2399 900 2437 τις
953 2374 1292 2452 ἐλαχίστους
1343 2373 1516 2433 ἴδοιτο
1580 2375 1905 2451 φαλακρούς

304 2463 524 2522 πάντων
576 2459 893 2538 ἀνθρώπων·
975 2461 1229 2521 τούτοισι
1280 2463 1385 2538 μὲν
1437 2460 1506 2538 δὴ
1558 2462 1727 2522 τοῦτό
1780 2468 1903 2523 ἐστι

307 2551 484 2611 αἴτιον
512 2549 746 2628 ἰσχυροῖς
772 2548 995 2625 φορέειν
1019 2547 1120 2612 τσῖς
1147 2547 1417 2624 κεφαλάς.
1492 2553 1645 2609 τοῖσι
1672 2550 1731 2609 δὲ
1758 2550 1902 2628 Πέρ-

305 2664 448 2717 σῃσι
501 2636 589 2698 ὅτι
639 2634 909 2699 ἀσθενέας
962 2635 1237 2714 φορέουσι
1274 2635 1377 2699 ταῖς
1415 2637 1683 2713 κεφαλὰς,
1724 2638 1903 2698 αἴτιον

258 2737 262 2741 ’
303 2727 449 2788 τόδε·
517 2724 958 2801 σκιητροφέουσι
997 2723 1061 2793 ἐξ
1096 2721 1275 2803 ἀρχῆς
1325 2724 1529 2788 πίλους
1566 2723 1759 2801 τιάρας
1799 2732 1901 2802 φο-

304 2815 538 2894 ρέοντες.
618 2817 795 2873 ταῦτα
820 2812 924 2890 μέν
949 2837 1046 2872 νυν
1075 2815 1309 2872 τοιαῦτα
1335 2810 1497 2872 ἐόντα
1520 2813 1657 2873 ἴδον·
1698 2813 1818 2874 ἴδον
1842 2814 1903 2873 δὲ

307 2905 400 2963 καὶ
451 2901 606 2962 ἄλλα
658 2900 828 2978 ὁμοῖα
871 2899 1124 2960 τούτοισι
1178 2904 1237 2959 ἐν
1288 2899 1583 2978 Παπρήμι,
1628 2905 1738 2962 τῶν
1784 2900 1903 2979 ἅμα

301 2991 621 3073 Ἀχαιμένεϊ
671 2992 749 3069 τῷ
799 2988 1040 3066 Δαρείου
1093 2987 1507 3065 διαφθαρέντων
1552 2987 1663 3048 ὖπό
1706 2987 1902 3068 Ἰνάρω

302 3085 402 3141 τοῦ
428 3081 664 3157 Λίβυος.

213 3167 287 3216 13
386 3171 462 3227 Οἱ
513 3167 573 3226 δὲ
624 3165 922 3247 Αἰγύπτιοι
980 3166 1042 3222 ἐκ
1092 3165 1195 3238 τῆς
1246 3161 1450 3244 μάχης,
1512 3162 1583 3226 ὥς
1639 3163 1899 3241 ἐτράπον-

443 3255 680 3332 ἔφευγον
732 3250 912 3311 οὐδενὶ
964 3249 1180 3328 κόσμῳ.
1264 3250 1694 3325 κατειληθέντων
1740 3251 1799 3309 δὲ
1845 3256 1901 3314 ἐς
