2267 3517
354 130 449 178 116
972 128 1338 179 ἯΡοΔοτοτ
1851 130 1956 193 [IL

353 208 539 284 λικίην
582 206 689 284 τήν
735 206 883 268 ὕπο
900 207 1167 279 Κιλίκων,
1212 208 1304 267 καὶ
1347 206 1658 285 Ἀσσυρίην
1697 206 1800 284 τὴν
1843 234 1957 270 υπο

352 293 689 372 Ἀσσυρίων.
774 293 1017 372 οὔρισμα
1059 295 1119 354 δὲ
1159 296 1328 374 Ἀσίῃ
1363 295 1455 355 καὶ
1495 294 1686 375 Λιβύῃ
1729 295 1958 373 οἴδαμεν

356 382 564 442 οὗδὲν’
539 383 629 443 εόν
664 383 809 461 ὀρθῷ
836 383 1005 463 λόγω,
1035 386 1083 441 εἰ
1112 382 1194 459 μὴ
1229 408 1359 446 τους
1398 383 1714 463 Αἰγυπτίων
1739 409 1954 461 ουρους.

356 474 405 530 εἰ
457 471 517 530 δὲ
567 476 644 550 τῷ
694 471 785 530 ὕπ’
836 469 1125 547 Ἑλλήνων
1178 472 1550 551 νενομισμένῳ
1599 471 1952 551 χρησόμεθα,

354 562 653 636 νομιοῦμεν
694 557 980 639 Αἴγυπτον
1011 562 1221 630 πᾶσαν,
1265 558 1577 636 ἀρξαμένην
1614 559 1726 619 οἷπὸ
1763 566 1953 620 Κατα-

354 646 569 707 δούπων
592 673 655 707 τε
680 648 772 706 καὶ
795 646 1198 723 Ἐλεφαντίνης
1215 647 1429 719 πόλιος,
1456 647 1590 726 δίχα
1613 646 1955 725 διαιρέεσθαι

352 736 446 795 καὶ
470 734 799 813 ἀμφοτέρων
822 739 933 795 τῶν
958 735 1304 812 ἐπωνυμιέων
1327 736 1578 814 ἔχεσθαι·
1616 735 1688 795 τοὶ
1711 738 1816 811 μὲν
1839 737 1952 818 γὰρ

353 822 522 899 αὐτῆς
548 822 687 883 εἶναι
711 828 811 899 τῆς
843 822 1080 900 Λιβύης,
1107 822 1180 882 τοὶ
1206 822 1266 882 δὲ
1289 825 1389 899 τῆς
1429 822 1644 899 Ἀσίης·
1687 822 1719 883 ὁ
1744 822 1852 904 γὰρ
1880 823 1950 901 δὴ

352 914 562 973 Νεῖλος
602 910 906 988 ἀρξάμενος
946 915 1006 970 ἐκ
1046 913 1158 970 τῶν
1191 910 1586 981 Καταδούπων,
1614 911 1727 987 ῥέει
1765 911 1952 988 μέσην

353 998 637 1079 Αἴγυπτον
660 999 869 1077 σχίζων
895 1003 949 1061 ἐς
976 996 1296 1058 θάλασσαν.
1351 998 1520 1077 μέχρι
1544 1000 1649 1074 μέν
1675 1024 1771 1059 νυν
1805 1006 1950 1077 Κερ-

351 1086 607 1164 κασώρου
637 1086 835 1149 πόλιος
873 1085 988 1164 ῥέει
1020 1084 1097 1148 εἷς
1128 1084 1230 1146 ἐών
1271 1085 1305 1145 ὁ
1346 1089 1573 1149 Νεῖλος·
1629 1084 1696 1145 τὰ
1737 1086 1797 1145 δὲ
1835 1084 1949 1147 α’πό

347 1172 550 1249 ταύτης
574 1178 675 1251 τῆς
699 1173 914 1243 πόλιος,
941 1174 1196 1252 σχίζεται
1223 1174 1530 1251 τριφασίας
1556 1171 1733 1237 ὁδούς·
1793 1174 1885 1233 καὶ
1909 1168 1949 1251 ἦ

346 1264 451 1338 μὲν
474 1261 615 1338 πρὸς
638 1262 722 1337 ήῶ
746 1261 1021 1339 τρέπεται,
1048 1260 1115 1321 τό
1145 1261 1404 1321 καλέεται
1443 1260 1773 1336 Πηλούσιον
1815 1262 1948 1323 στό-

347 1373 447 1425 μα·
488 1348 527 1424 ἦ
554 1349 613 1409 δὲ
644 1350 802 1425 ἑτέρη
831 1352 943 1409 τῶν
968 1348 1110 1408 ὁδῶν
1148 1347 1292 1425 πρός
1325 1349 1566 1426 ἑσπέρην
1607 1349 1741 1427 ἔχει·
1779 1354 1946 1411 τοῦτο

348 1436 410 1495 δὲ
452 1436 787 1513 Κανωβικὸν
828 1436 1017 1512 στόμα
1059 1436 1339 1511 κέκληται·
1378 1436 1418 1512 ἦ
1461 1436 1520 1497 δὲ
1563 1436 1633 1512 δή
1677 1437 1797 1497 ἰθέα
1835 1442 1946 1499 τῶν

346 1522 487 1583 ὁδῶν
526 1526 604 1601 τῷ
642 1524 833 1602 Νείλῳ
876 1524 999 1583 ἐστὶ
1033 1522 1152 1599 ἥδε·
1195 1522 1400 1584 ἄνωθεν
1435 1523 1743 1602 φερόμενος
1785 1531 1840 1589 ἐς
1877 1525 1945 1588 τὸ

344 1610 445 1679 ὀξύ
462 1612 563 1669 τοῦ
589 1611 781 1670 Δέλτα
801 1610 1131 1690 ἀπικνέεται,
1158 1610 1225 1671 τὸ
1252 1611 1313 1670 δὲ
1339 1611 1450 1672 οἷπό
1490 1611 1704 1683 τούτου,
1733 1614 1942 1693 σχίζων

344 1699 523 1773 μέσον
553 1696 619 1757 τό
646 1699 839 1757 Δέλτα
874 1702 930 1761 ἐς
967 1697 1269 1760 θάλασσαν
1302 1699 1448 1771 ἐξίει,
1475 1697 1603 1760 οὔτε
1635 1703 1942 1780 ἐλαχίστην

346 1788 547 1862 μοίρην
575 1791 677 1845 τοῦ
713 1785 910 1850 ὕδατος
941 1785 1322 1865 παρεχόμενος
1351 1787 1528 1866 ταύτῃ
1569 1786 1694 1849 οὔτε
1732 1790 1942 1865 ἥκιστα

345 1872 716 1951 οὖνομαστήν·
755 1873 823 1934 τὸ
852 1873 1109 1934 καλέεται
1137 1874 1535 1952 Σεβεννυτικὸν
1561 1876 1762 1954 στόμα.
1821 1878 1944 1939 ἔστι

346 1960 407 2021 δὲ
432 1962 523 2020 καὶ
552 1962 709 2040 ἔτερα
734 1961 978 2038 διφάσια
1004 1962 1264 2041 στόματα
1283 1962 1396 2023 οἰπό
1421 1967 1524 2023 τοῦ
1543 1964 1942 2040 Σεβεννυτικοῦ

342 2048 783 2131 οἷποσχισθέντα,
826 2052 1072 2129 φέροντα
1111 2055 1168 2115 ἐς
1209 2050 1532 2112 θάλασσαν·
1593 2056 1746 2112 τοῖσι
1786 2052 1941 2123 οὖνᾶ-

340 2164 493 2215 ματα
532 2138 713 2198 κέεται
758 2138 906 2209 τάδε,
946 2142 1025 2218 τῷ
1070 2141 1174 2216 μὲν
1227 2137 1490 2204 Σαΐτικὸν
1528 2138 1724 2212 αὗτῶν,
1765 2144 1842 2219 τῷ
1882 2141 1942 2202 δὲ

343 2225 678 2301 Μενδήσιον.
762 2225 829 2286 τὰ
867 2227 927 2285 δὲ
962 2228 1305 2303 Βολβίτινον
1346 2226 1536 2305 στόμα
1571 2228 1664 2287 καὶ
1697 2227 1764 2288 τὰ
1801 2234 1941 2289 Βου-

344 2312 569 2373 κολικόν
596 2312 695 2372 οὐκ
725 2314 980 2393 ἰθαγενέα
1006 2312 1266 2423 στόματα
1293 2319 1434 2385 ἐστι,
1461 2314 1594 2375 ἀλλ’
1621 2314 1846 2392 ὀρυκτά.

252 2402 324 2459 18
424 2400 739 2476 Μαρτυρέει
786 2399 849 2459 δέ
886 2426 987 2477 μοι
1025 2405 1098 2479 τῇ
1141 2400 1356 2483 γνώμῃ,
1396 2401 1483 2462 ὅτι
1522 2402 1772 2481 τοσαύτη
1817 2406 1942 2466 ἐστὶ

341 2486 625 2567 Αἴγυπτος
659 2485 802 2561 ὅσην
836 2484 962 2547 τινοῖ
994 2488 1101 2569 ἐγω
1141 2488 1501 2567 ἀποδείκνυμι
1535 2494 1611 2570 τῷ
1642 2491 1809 2573 λόγω,
1847 2496 1942 2554 καὶ

340 2574 407 2635 τό
448 2572 747 2652 Ἀμμωνος
799 2574 1146 2653 χρηστήριον
1198 2576 1512 2656 γενόμενον,
1565 2604 1633 2639 το
1682 2580 1790 2661 ἐγὼ
1839 2586 1941 2657 τῆς

342 2666 614 2738 ἐμεωυτοῦ
638 2688 860 2743 γνωμης
892 2661 1130 2742 ὕστερον
1161 2664 1292 2742 περὶ
1316 2666 1602 2777 Αἴγυπτον
1634 2667 1938 2747 ἐπυθόμην·

342 2753 397 2809 οἶ
420 2748 531 2830 γοὶρ
558 2749 679 2827 δή’
654 2776 713 2810 εκ
741 2754 971 2828 Μαρέης
1002 2778 1064 2812 τε
1094 2751 1296 2816 πόλιος
1327 2754 1420 2813 καὶ
1434 2752 1639 2819 ''Amos-
1671 2757 1941 2821 οἰκέοντες

340 2837 627 2919 Αἰγύπτου
661 2838 735 2898 ταῖ
771 2838 1065 2918 πρόσουρα
1104 2839 1315 2919 Λιβύῃ,
1355 2840 1520 2902 ἀὐτοί
1556 2869 1620 2903 τε
1659 2842 1940 2909 δοκέοντες

342 2925 481 2985 εἶναι
520 2928 731 3003 Λίβυες
771 2928 864 2986 καὶ
904 2926 1003 2987 οὐκ
1042 2927 1340 3010 Αἰγύπτιοι
1382 2930 1474 2989 καὶ
1519 2928 1822 3009 ἀχθόμενοι
1861 2937 1936 3011 τῇ

340 3013 469 3091 περὶ
503 3013 575 3074 τοὶ
612 3012 703 3092 ἱροὶ
743 3014 999 3093 θρησκίῃ,
1031 3015 1374 3093 βουλόμενοι
1410 3018 1625 3093 θηλέων
1658 3020 1816 3094 βοῶν
1852 3020 1936 3096 μή

276 3152 281 3157 .
342 3102 619 3183 ἔργεσθαι,
642 3102 904 3181 ἔπεμψαν,
916 3107 970 3166 ἐς
984 3102 1263 3181 Ἀμμωνα
1281 3104 1524 3182 φάμενοι
1543 3104 1742 3165 ’(οὖδὲν
1762 3107 1939 3181 σφίσι

338 3214 403 3250 τε
438 3191 532 3250 καὶ
553 3189 913 3271 Αἰγυπτίοισι
942 3190 1126 3251 κοινόν
1163 3190 1320 3251 εἶναι·
1369 3192 1565 3253 οἰκέειν
1598 3217 1661 3253 τε
1693 3190 1805 3274 γὰρ
1838 3192 1940 3262 ἔξω

339 3280 441 3336 τοῦ
473 3279 665 3340 Δέλτα
704 3278 799 3341 καὶ
838 3276 939 3339 οὗκ
978 3278 1309 3363 ὁμολογέειν
1348 3278 1587 3349 αὐτοῖσι,
1621 3279 1945 3351 βούλεσθαί
