2267 3517
302 97 1278 152 312'HPOA0'1'0'1'
1823 99 1898 164 [I.

301 177 445 254 πρὸς
468 174 599 240 τούς
623 175 862 250 Σκύθας,
885 177 1083 258 λέγων·
1114 188 1150 214 “
1165 177 1303 254 ἡμῖν
1325 203 1438 259 γαρ
1464 179 1905 256 καταγελᾶτεμῗ)

307 261 595 332 Σκύθαι,
562 289 649 324 οτι
672 264 1028 342 βακχεύομεν
1056 267 1148 324 καὶ
1172 265 1348 342 ήμέας
1373 293 1406 324 ο
1390 265 1560 330 εθεός
1589 266 1900 342 λαμβάνει·

304 354 401 412 νῦν
426 348 587 414 οὗτος
612 351 645 410 ὅ
671 352 879 427 δαίμων
904 353 998 410 καὶ
1022 353 1122 412 τὸν
1150 351 1415 430 ύμέτερον
1448 353 1706 428 βασιλέα
1729 354 1900 412 λελά-

304 441 465 516 βηκε,
495 439 588 498 καὶ
612 437 883 517 βακχεύει
904 463 969 500 τε
996 440 1088 498 καὶ
1113 438 1223 498 §aa
1247 444 1351 498 τοῦ
1377 440 1509 502 θεοῦ
1533 440 1809 515 μαίνεται·
1851 445 1902 501 εἰ

302 527 366 586 δέ
380 551 480 602 μοι
497 525 807 596 ἀπιστέετε,
824 526 1043 600 ἔπεσθε,
1061 527 1156 586 καὶ
1173 525 1316 603 ύμῖν·
1325 527 1434 608 ἐγω
1447 526 1656 596 δείξω·”
1676 528 1902 590 εἵποντο

299 617 411 674 τῶν
436 614 690 678 Σκυθέων
723 616 779 673 οἱ
808 616 1204 690 προεστεῶτες·
1246 615 1339 674 καὶ
1371 613 1572 678 αύτούς
1603 613 1901 696 οἷναγαγῶν

302 700 337 762 ὅ
363 701 798 779 Βορυσθενεΐτης
821 701 1007 779 λάθρη
1038 703 1131 761 ἐπὶ
1157 701 1373 782 πύργον
1404 705 1647 762 κατεῖσε·
1691 705 1816 763 ἐπεί
1834 729 1899 765 τε

302 789 363 849 δὲ
402 788 607 866 παρήῖε
647 788 756 849 σύν
795 793 877 868 τῷ
914 789 1093 869 θιάσῳ
1137 788 1170 849 ὅ
1213 789 1436 867 Σκύλης
1478 790 1573 850 καὶ
1615 789 1762 851 εἶδόν
1799 817 1900 868 μιν

302 877 657 957 βακχεύοντα
696 879 751 936 οἱ
790 877 1017 947 Σκύθαι,
1064 876 1244 955 κάρτα
1289 877 1598 954 συμφορήν
1640 877 1896 959 μεγάλην

306 966 659 1042 ἐποιήσαντο,
683 965 999 1035 ἐξελθόντες
1024 965 1085 1024 δὲ
1110 965 1417 1042 ἐσήμαινον
1441 965 1603 1044 πάσῃ
1628 971 1702 1045 τῇ
1727 993 1896 1043 στρα-

206 1055 284 1114 80
300 1059 392 1132 τιῇ
416 1054 489 1114 τοὶ
513 1055 700 1114 ἴδοιεν·
740 1053 812 1117 ὥς
844 1053 904 1112 δὲ
934 1054 1077 1131 μετὰ
1110 1057 1290 1114 ταῦτα
1319 1053 1588 1130 ἐξήλαυνε
1618 1053 1652 1115 ὁ
1679 1055 1898 1131 Σκύλης

302 1147 359 1205 ἐς
396 1142 537 1218 ἤθεα
574 1141 649 1202 τοὶ
688 1145 904 1214 ἑωυτοῦ,
947 1143 1003 1201 οἶ
1043 1140 1256 1205 Σκύθαι
1300 1141 1763 1219 προστησάμενοι
1798 1143 1898 1203 τὸν

300 1228 579 1307 ἅδελφεον
630 1228 801 1290 αύτοῦ
855 1227 1294 1305 Ὀκταμασάδην
1350 1228 1626 1310 γεγονότα
1683 1235 1745 1289 ἐκ
1796 1234 1898 1305 τῆς

300 1317 489 1394 Τήρεω
514 1315 845 1398 θυγατρος,’
820 1317 1186 1376 επανιστέατο
1210 1321 1288 1395 τῷ
1313 1316 1524 1395 Σκύλῃ·
1552 1317 1584 1376 ὁ
1611 1317 1687 1390 δὲ,
1706 1317 1899 1394 μαθων

298 1404 366 1464 τὰ
390 1404 682 1484 γινόμενον
706 1402 790 1464 ἐπ’
807 1407 985 1483 ἑωυτῷ
1010 1406 1102 1464 καὶ
1126 1405 1232 1480 τήν
1257 1406 1437 1480 αἰτίην
1457 1403 1579 1463 δι’ι
1540 1431 1612 1480 ην
1632 1407 1896 1477 ἐποιέετο,

300 1491 639 1572 καταφεύγει
672 1496 729 1554 ἐς
758 1490 863 1566 τὴν
902 1493 1167 1569 Θρηικην·
1206 1491 1518 1569 πυθόμενος
1545 1491 1662 1553 δὲ
1631 1519 1663 1552 ο
1697 1492 1898 1554 Ὀκτα-

299 1579 558 1656 μασάδης
575 1582 767 1651 ταῦτα,
786 1579 1150 1656 ἐστρατεύετο
1170 1580 1262 1638 ἐπὶ
1280 1579 1385 1655 τήν
1405 1579 1668 1656 Θρηΐκην·
1695 1585 1820 1640 ἐπεί
1835 1607 1898 1642 τε

302 1667 362 1726 δὲ
389 1667 480 1726 ἐπὶ
502 1670 581 1746 τῷ
609 1665 815 1745 Ἴστρῳ
846 1666 1081 1746 ἐγένετο,
1109 1666 1383 1741 ἠντίασάν
1421 1693 1520 1743 μιν
1545 1671 1600 1727 οἱ
1639 1668 1894 1744 Θρήϊκες·

298 1753 623 1830 μελλόντων
638 1754 699 1812 δὲ
714 1752 893 1814 αὐτῶν
907 1753 1194 1832 συνάψειν,
1216 1756 1430 1833 ἔπεμψε
1451 1755 1730 1832 Σιτάλκης
1745 1756 1899 1834 παρὰ

298 1843 400 1903 τόν
424 1841 863 1920 Ὀκταμασάδην
888 1843 1070 1923 λέγων
1093 1842 1300 1903 τοιάδε·
1325 1843 1387 1903 τί
1408 1843 1494 1902 δεῖ
1515 1842 1691 1920 ἡμέας
1715 1842 1894 1920 άλλή-

296 1934 413 1992 λων
436 1931 791 2009 πειρηθῆναι;
822 1930 899 1994 εἷς
915 1932 1020 2007 μέν
1037 1957 1144 2008 μευ
1161 1935 1262 2006 τῆς
1286 1929 1568 2007 ἀδελφεῆς
1591 1935 1737 2002 παῖς,
1756 1933 1898 2011 ἔχεις

300 2018 363 2078 δέ
384 2045 490 2096 μευ
516 2018 815 2096 ἀδελφεόν·
857 2019 933 2079 σύ
958 2018 1007 2080 τ’
1036 2020 1162 2096 ἐμοὶ
1193 2017 1400 2082 ἀπόδος
1423 2023 1640 2090 τοῦτον,
1667 2021 1761 2078 καὶ
1787 2021 1895 2100 ἐγώ

297 2109 395 2168 σοὶ
412 2107 512 2168 τόν
532 2108 645 2170 adv.
665 2107 889 2182 Σκύλην
907 2107 1273 2185 παραδίδωμι·
1301 2111 1540 2185 στρατιῇ
1567 2107 1627 2166 δὲ
1650 2107 1896 2184 μήτε-σύ

299 2195 665 2275 κινδυνεύσῃς,
689 2194 819 2272 μήτ’
848 2195 973 2276 ἐγώ·
1013 2195 1188 2255 ταῦτά
1216 2199 1269 2255 οἱ
1293 2196 1521 2272 πέμψας
1552 2193 1584 2255 ὅ
1617 2195 1896 2273 Σιτάλκης

299 2282 742 2359 ἐπεκηρυκεύετο·
774 2280 848 2357 ἦν
874 2281 986 2362 γὰρ
1018 2283 1171 2360 παρά
1195 2287 1273 2361 τῷ
1295 2281 1703 2362 Ὀκταμασάδη
1735 2284 1892 2343 α’,δελ-

298 2370 435 2446 φεός
462 2368 762 2439 Σιτάλκεω,
788 2369 1081 2450 πεφευγὼς
1110 2374 1328 2431 τοῦτον·
1370 2369 1402 2429 ὁ
1434 2371 1496 2430 δὲ
1533 2369 1894 2449 Ὀκταμασά-

298 2457 395 2532 δης
431 2457 701 2516 καταινέει
732 2461 926 2527 ταῦτα,
954 2456 1198 2520 ἐκδιδούς
1223 2457 1281 2517 δὲ
1315 2457 1414 2517 τὸν
1441 2461 1642 2519 ἑωυτοῦ
1666 2458 1896 2538 μήτρωα

296 2543 545 2622 Σιτάλκῃ
571 2545 749 2621 ἔλαβε
773 2545 873 2604 τόν
898 2544 1178 2619 άδελφεὸν
1229 2545 1470 2620 Σκύλην·
1499 2547 1592 2604 καὶ
1619 2547 1897 2624 Σιτάλκης

293 2634 397 2709 μὲν
436 2632 789 2709 παραλαβών
818 2631 917 2692 τόν
952 2631 1232 2707 άδελφεόν
1265 2632 1534 2714 ἀπήγετο·
1580 2634 1804 2698 Σκύλεω
1837 2637 1898 2695 δὲ

296 2719 731 2796 Ὀκταμασάδης
771 2718 941 2780 αὐτοῦ
979 2719 1154 2798 ταύτῃ
1193 2717 1443 2797 άπέταμε
1481 2721 1586 2797 τήν
1621 2723 1897 2800 κεφαλήν.

294 2806 435 2868 οὕτω
460 2809 564 2884 μὲν
588 2808 1029 2885 περιστέλλουσι
1053 2806 1125 2867 τοὶ
1154 2809 1405 2886 σφέτερα
1429 2808 1637 2886 νόμαια
1669 2810 1896 2882 Σκύθαι,

298 2897 453 2955 τοῖσι
492 2895 552 2954 δὲ
590 2895 1074 2972 παρακτωμένοισι
1114 2895 1381 2964 ξεινικούς
1421 2896 1626 2974 νόμους
1665 2903 1898 2958 τοιαῦτα

296 2983 543 3059 ἐπιτίμια
570 2982 807 3042 διδοῦσι.

202 3070 271 3125 81
375 3071 611 3144 Πλῆθος
664 3071 723 3129 δὲ
774 3068 841 3129 τό
896 3069 1150 3132 Σκυθέων
1198 3068 1298 3128 οὐκ
1345 3067 1462 3131 οἷός
1505 3095 1570 3128 τε
1626 3068 1899 3151 ἐγενόμην

295 3152 560 3231 άτρεκέως
586 3157 881 3224 πυθέσθαι,
900 3154 1054 3212 ἀλλά
1084 3154 1386 3231 διαφόρους
1411 3155 1616 3236 λόγους
1641 3157 1770 3232 περὶ
1792 3181 1898 3214 του

294 3238 535 3316 ἀριθμοῦ
559 3242 778 3318 ἤκουον·
809 3242 901 3300 καὶ
926 3241 1035 3321 γὰρ
1064 3241 1241 3318 κάρτα
1259 3241 1512 3304 πολλοῦς
1532 3243 1676 3302 εἶναί
1691 3245 1898 3316 σφεας,
