2267 3517
371 147 591 213 87—90]
1067 148 1303 197 mmm,
1911 146 1975 193 45

372 229 619 306 φέρουσί
642 252 705 287 τε
737 229 830 287 καὶ
863 226 1070 309 ἄγουσι
1105 226 1179 287 τοῖ
1215 251 1260 286 σ
1279 224 1348 286 ’.”
1428 225 1599 305 Κύρῳ
1622 225 1683 285 δὲ
1721 226 1975 300 ἐπιμελὲς
1993 226 2069 284 89

373 316 591 396 ἐγένετο
626 314 698 375 τὰ
739 319 992 393 Κροῖσος
1031 314 1171 373 εἶπε·
1213 312 1715 390 μεταστησάμενος
1753 312 1813 371 δὲ
1849 310 1979 374 τούς

371 401 599 473 ἄλλους,
628 403 804 480 εἴρετο
839 406 1094 479 Κροῖσον
1120 401 1154 462 ὅ
1178 427 1237 463 τι
1267 405 1322 461 οἱ
1352 400 1557 480 ἐνορῴη
1585 406 1643 461 ἐν
1667 403 1821 461 τοῖσι
1855 424 1977 459 ποι-

373 492 652 567 ευμένοισι
671 517 686 561 ;
725 490 758 551 ὁ
787 490 846 550 δὲ
873 490 1013 549 εἶπε·
1047 490 1217 549 ’(ἐπεί
1236 515 1301 551 τε
1324 515 1397 566 με
1424 490 1543 549 θεοὶ
1572 488 1750 548 δῶκαν
1774 486 1979 547 δοῦλόν

373 602 486 649 σοι,
505 579 694 638 δικαιῶ
716 579 768 637 εἴ
783 604 840 639 τι
860 578 1056 655 ἐνορέω
1075 578 1255 637 πλέον
1274 578 1567 654 σημαίνειν
1592 600 1709 636 σοι.
1753 576 1977 653 Πέρσαι

374 665 550 741 φύσιν
591 666 773 731 ἐόντες
809 666 1100 743 ὖβρισταὶ,
1145 666 1256 725 εἶσὶ
1296 664 1635 744 ἀχρήματοι·
1676 662 1748 741 ἢν
1788 661 1864 723 ὧν
1900 662 1977 723 σύ

369 754 596 817 τούτους
657 754 905 833 περιίδῃς
963 753 1380 831 διαρπάσαντας
1437 752 1529 811 καὶ
1588 750 1977 830 κατασχόντας

369 841 632 919 χρήματα
660 842 906 924 μεγάλα,
944 841 1078 901 τάδε
1110 867 1203 901 τοι
1242 842 1305 911 ἐξ
1338 840 1518 901 αὐτῶν
1559 840 1789 909 ἐπίδοξα
1824 839 1976 920 γενέ-

375 930 530 988 σθαι·
563 929 626 993 ὃς
649 927 717 990 ἂν
743 928 924 989 αὐτῶν
947 932 1197 989 πλεῖστα
1222 928 1496 1007 κατάσχῃ,
1517 932 1715 988 τοῦτον
1739 926 1977 1004 προσδέ-

369 1018 575 1077 κεσθαί
601 1042 692 1078 τοι
726 1016 1277 1093 ἐπαναστησόμενον.
1346 1020 1443 1075 νῦν
1475 1014 1551 1075 ὧν
1579 1015 1823 1090 ποίησον
1854 1010 1973 1084 ὦδε,

369 1104 420 1163 εἴ
443 1130 534 1165 τοι
560 1105 787 1182 ἀρέσκει
810 1104 886 1166 ταῖ
915 1104 1024 1185 ἐγώ
1050 1105 1219 1185 λέγω·
1262 1104 1494 1164 κάτισον
1518 1105 1627 1162 τῶν
1653 1100 1975 1179 δορυφόρων

368 1192 463 1250 ἐπὶ
487 1192 713 1270 πάσῃσι
736 1196 875 1271 τῇσι
893 1192 1112 1272 πύλῃσι
1133 1191 1437 1267 φυλάκους,
1462 1190 1517 1249 οἳ
1541 1190 1817 1271 λεγόντων
1834 1186 1977 1266 πρός

369 1278 502 1341 τούς
528 1280 864 1356 ἐκφέροντας
890 1280 962 1339 τὰ
986 1279 1252 1359 χρήματα
1284 1276 1691 1355 ἀπαιρεόμενοι,
1720 1274 1791 1340 ὥς
1818 1282 1976 1352 σφεα

371 1363 684 1446 ἀναγκαίως
713 1366 827 1445 ἔχει
853 1366 1245 1443 δεκατευθῆναι
1274 1370 1351 1446 τῷ
1377 1366 1491 1426 Διΐ.
1547 1366 1639 1425 καὶ
1670 1365 1745 1425 σύ
1768 1390 1831 1425 τε
1862 1370 1975 1441 σφι

371 1450 476 1511 οὐκ
513 1451 859 1533 ᾀπεχθήσεαι
889 1456 996 1533 βίῃ
1032 1453 1431 1533 ἀπαιρεόμενος
1466 1452 1539 1514 ταῖ
1573 1452 1852 1532 χρήματα,
1882 1452 1975 1512 καὶ

368 1543 567 1601 ἐκεῖνοι
609 1542 945 1623 συγγνόντες
981 1543 1191 1602 ποιέειν
1227 1568 1299 1602 σε
1333 1543 1533 1611 δίκαια,
1569 1542 1781 1604 ἑκόντες
1814 1540 1974 1617 ποιή-

363 1628 588 1689 σουσι.”
669 1634 857 1689 Ταῦτα
896 1628 1110 1689 ἀκούων
1148 1629 1179 1689 ὁ
1216 1635 1405 1707 Κῦρος
1442 1629 1765 1707 ὑπερήδετο,
1806 1628 1879 1692 ὥς
1918 1632 1971 1688 οἱ
1988 1630 2067 1687 90

367 1716 549 1776 ἐδόκεε
581 1715 640 1777 εὖ
671 1716 1058 1778 ὕποτίθεσθαι·
1101 1719 1326 1781 αἰνέσας
1352 1718 1413 1776 δὲ
1442 1716 1653 1787 πολλοὶ,
1684 1717 1775 1775 καὶ
1809 1722 1972 1777 ἐντει-

365 1803 608 1880 λάμενος
649 1808 804 1864 τοῖσι
845 1804 1217 1882 δορυφόροισι
1252 1804 1325 1865 τὰ
1367 1808 1617 1882 Κροῖσος
1654 1804 1971 1879 ὑπεθήκατο

367 1893 683 1966 ἐπιτελέειν,
713 1892 833 1952 εἶπε
857 1891 998 1969 πρὸς
1029 1896 1285 1972 Κροῖσον
1308 1892 1459 1953 τάδε·
1502 1896 1780 1970 ’(Κροῖσε,
1810 1890 1971 1969 ἄναρ-

365 1981 604 2056 τημένου
634 1984 736 2039 σεῦ
769 1979 966 2057 ἅνδρὸς
989 1981 1270 2056 βασιλέος
1293 1980 1518 2059 χρηστὰ
1544 1981 1679 2061 ἔργα
1714 1980 1805 2038 καὶ
1838 1979 1973 2037 ἔπεα

367 2068 588 2137 ποιέειν,
610 2068 761 2127 αἰτέο
785 2066 890 2143 τήν
911 2067 1070 2128 δόσιν
1088 2067 1159 2144 ἥν
1177 2093 1303 2127 τινα
1325 2066 1570 2143 βούλεαί
1590 2091 1681 2124 τοι
1704 2065 1968 2146 γενέσθαι

365 2153 727 2230 παραυτίκα·”
760 2153 794 2214 ὅ
821 2155 882 2213 δὲ
909 2155 1046 2213 εἶπε·
1083 2166 1117 2191 “
1127 2153 1171 2213 ὦ
1197 2154 1461 2223 δέσποτα,
1491 2152 1664 2215 ἐάσας
1688 2177 1761 2228 με
1786 2157 1973 2231 χαριεῖ

365 2242 622 2317 μάλιστα
659 2241 760 2302 τόν
800 2243 928 2302 θεόν
964 2246 1076 2303 τῶν
1112 2241 1402 2317 Ἑλλήνων
1438 2240 1539 2301 τὸν
1579 2242 1821 2318 ἐτίμησα
1862 2239 1971 2321 ἐγῶ

367 2330 506 2389 θεῶν
525 2331 782 2405 μάλιστα
801 2330 1120 2406 ἐπείρεσθαι
1146 2330 1447 2407 πέμψαντα
1466 2328 1638 2389 τάσδε
1664 2328 1764 2392 τοὶς
1782 2328 1969 2398 πέδας,

369 2420 416 2475 εἰ
444 2417 722 2486 ἐξαπατᾶν
739 2416 870 2479 τούς
898 2415 957 2475 εὖ
977 2421 1271 2479 ποιεῦντας
1297 2416 1465 2494 νόμος
1492 2417 1614 2477 ἔστι
1635 2418 1689 2476 οἱ
1706 2415 1754 2486 ;”
1783 2420 1972 2494 Κῦρος

367 2503 426 2563 δὲ
475 2506 650 2581 εἴρετο
691 2503 724 2563 ὅ
762 2530 819 2564 τι
865 2508 921 2563 οἱ
966 2509 1136 2565 τοῦτο
1184 2504 1531 2584 ἐπηγορεύων
1577 2505 1967 2582 παραιτέοιτο;

369 2595 618 2667 Κροῖσος
653 2592 714 2651 δέ
749 2594 804 2650 οἱ
840 2592 1232 2673 ἐπανηλόγησε
1266 2595 1460 2652 πᾶσαν
1488 2591 1593 2667 τήν
1625 2595 1823 2651 ἑωυτοῦ
1856 2590 1969 2651 διά-

369 2704 538 2749 νοιαν,
575 2680 668 2739 καὶ
697 2683 808 2739 τῶν
837 2680 1192 2757 χρηστηρίων
1223 2678 1325 2741 τοὶς
1364 2679 1709 2756 ὑποκρίσιας,
1744 2679 1835 2737 καὶ
1864 2678 1969 2755 μα’,-

365 2770 540 2827 λιστα
573 2766 646 2827 τσῖ
686 2765 1030 2843 ἀναθήματα,
1073 2768 1167 2826 καὶ
1206 2765 1276 2830 ὥς
1318 2766 1573 2843 ἐπαρθεὶς
1607 2770 1685 2845 τῷ
1722 2767 1969 2843 μαντηΐω

367 2855 780 2932 ἐστρατεύσατο
828 2854 922 2913 ἐπὶ
969 2854 1218 2931 Πέρσας·
1267 2853 1447 2935 λέγων
1496 2853 1555 2912 δὲ
1592 2857 1769 2913 ταῦτα
1815 2854 1961 2913 κατέ-

363 2942 530 3017 βαινε
566 2942 720 3005 αὖτις
755 2942 1188 3019 παραιτεόμενος
1220 2941 1434 3001 ἐπεῖναί
1463 2942 1517 2999 οἱ
1547 2944 1624 3019 τῷ
1657 2941 1761 3021 θεῷ
1792 2941 1969 3021 τούτῳ

363 3026 651 3089 ὄνειδίσαι·
680 3033 867 3106 Κῧρος
883 3028 943 3087 δὲ
955 3028 1209 3110 γελάσας
1224 3027 1361 3087 εἶπε·
1390 3027 1525 3086 “nal
1541 3027 1739 3087 τούτου
1753 3027 1968 3095 τεύξεαι

364 3114 495 3192 παρ’
515 3120 662 3192 ἐμεῦ,
685 3120 918 3193 Κροῖσε,
937 3117 1028 3175 καὶ
1055 3115 1239 3176 ἄλλου
1258 3114 1468 3178 παντδς
1492 3118 1593 3175 τοῦ
1618 3112 1686 3173 ἂν
1704 3112 1969 3173 ἑκάστοτε

365 3202 513 3281 δέῃ.”
595 3202 666 3265 ὥς
698 3204 758 3261 δὲ
787 3207 962 3262 ταῦτα
986 3202 1196 3279 ἤκουσε
1228 3202 1261 3261 ὁ
1297 3207 1565 3279 Κροῖσος,
1593 3200 1825 3273 πέμπων
1856 3204 1966 3258 τῶν

367 3290 564 3350 Λυδῶν
604 3292 661 3352 ἐς
701 3287 983 3362 Δελφούς,
1015 3290 1337 3349 ἐνετέλλετο
1374 3288 1623 3345 τιθέντας
1660 3281 1761 3345 τὰς
1798 3284 1968 3346 πέδας
