2267 3517
343 183 629 250 117-1201
994 188 1323 239 mmmm.
1839 188 1940 238 163

344 264 606 342 Πρωτεῦς
630 262 664 326 ό
690 263 997 347 Αἰγύπτιος
1018 265 1298 342 βασιλεῦς
1325 266 1459 345 ἔχει·
1496 267 1552 326 οἶ
1575 264 1638 326 δέ
1659 262 1942 342 Ἕλληνες

342 353 769 433 καταγελᾶσθαι
802 354 1084 417 δοκέοντες
1116 352 1210 413 ὕπ’
1237 352 1434 423 αὐτῶν,
1468 351 1608 413 οὕτω
1641 351 1712 429 δή
1747 356 1935 413 ἐπολι·

342 437 540 515 όρκεον
561 446 615 503 ἐς
641 439 675 501 ὃ
701 441 933 511 ἐξεῖλον·
961 443 1158 501 ἐλοῢσι
1184 441 1244 500 δὲ
1268 440 1334 501 τό
1352 443 1538 520 τεῖχος
1564 439 1636 504 ὦς
1661 439 1760 500 οὐκ
1780 441 1937 517 ἐφαί-

340 550 469 587 νετο
498 527 538 603 ἦ
574 528 793 605 Ἑλένη,
822 528 979 588 ἀλλὰ
1013 529 1113 589 τὸν
1155 527 1326 588 αὐτὸν
1364 528 1541 609 λόγον
1577 531 1654 607 τῷ
1688 528 1936 608 προτέρῳ

342 614 731 687 ἐπιηιθάνοντο,
778 614 921 677 οὕτω
974 615 1044 692 δὴ
1088 614 1492 679 πιστεύσαντες
1541 618 1618 694 τῷ
1662 614 1818 696 λόγῳ
1858 620 1940 697 τῷ

340 701 537 783 πρώτῳ
575 706 630 764 οἱ
657 703 939 781 Ἕλληνες
970 701 1142 765 αὖτόν
1176 704 1474 764 Μενέλεων
1509 701 1935 763 ἀποστέλλουσι

338 789 494 867 παραὶ
527 792 785 868 Πρωτέα.
848 790 1216 873 Ἀπικόμενος
1242 790 1302 851 δὲ
1330 790 1364 851 ὅ
1395 791 1686 854 Μενέλεως
1712 795 1768 855 ἐς
1789 790 1894 868 τήν
1913 793 2027 852 119

342 876 628 958 Αἴγυπτον
653 879 747 940 καὶ
776 878 1121 943 ἀναπλώσας
1149 883 1204 942 ἐς
1232 876 1338 954 τήν
1364 878 1619 956 Μέμφιν,
1647 877 1803 943 εἶπας
1829 878 1936 955 τήν

339 962 618 1044 άληθηΐην
641 970 753 1030 τῶν
774 966 1138 1049 πρηγμάτων,
1165 966 1258 1025 καὶ
1289 965 1500 1036 ξεινίων
1524 963 1733 1042 ἤντησε
1761 964 1935 1047 μεγά-

338 1054 455 1113 λων
496 1055 589 1115 καὶ
622 1054 858 1132 Ἑλένην
890 1054 1113 1115 ἀπαθέα.
1149 1057 1330 1116 κακῶν
1363 1052 1644 1129 ἀπέλαβε,
1674 1052 1817 1130 πρὸς
1854 1054 1932 1124 δὲ,

340 1140 434 1199 καὶ
452 1141 525 1202 τὰ
545 1146 743 1204 ἑωυτοῦ
761 1143 1026 1221 χρήματα
1045 1140 1246 1202 πάντα.
1301 1140 1485 1221 τυχῶν
1503 1142 1694 1217 μέντοι
1707 1138 1932 1212 τούτων,

341 1229 560 1307 ἐγένετο
594 1232 887 1294 Μενέλεως
920 1228 1061 1308 ἀνὴρ
1088 1230 1276 1295 ἄδικος
1311 1234 1366 1293 ἐς
1400 1228 1754 1310 Αἰγυπτίους·
1795 1228 1933 1291 α’πο·

338 1316 535 1376 πλέειν
564 1317 675 1399 γὰρ
702 1316 1025 1396 ὁρμημένον
1055 1317 1228 1379 αὗτόν
1256 1317 1426 1398 ἴσχον
1450 1315 1701 1377 ἄπλοιαι·
1744 1316 1932 1396 ἐπειδὴ

336 1402 401 1462 δὲ
425 1408 593 1466 τοῦτο
618 1405 710 1465 ἐπὶ
734 1405 957 1467 πολλὸν
975 1408 1197 1467 τοιοῦτο
1214 1404 1301 1481 ἦν,
1324 1408 1674 1485 ἐπιτεχνᾶται
1697 1409 1932 1488 πρῆγμα

338 1490 441 1551 οὐκ
465 1491 647 1555 ὅσιον·
674 1494 877 1572 λαβών
893 1493 1003 1576 γάρ
1030 1493 1128 1554 δύο
1155 1494 1350 1554 παιδία
1373 1492 1584 1571 ἀνδρῶν
1609 1495 1929 1574 ἐπιχωρίων,

337 1581 545 1659 ἔντομά
566 1588 727 1660 σφεα
756 1582 1009 1659 ἐποίησε·
1048 1581 1194 1659 μετὰ
1220 1582 1296 1653 δὲ,
1325 1580 1396 1645 ὥς
1421 1582 1688 1646 ἐπάῖστος
1713 1583 1932 1664 ἐγένετο

333 1673 502 1730 τοῦτο
520 1673 880 1753 ἐργασμένος,
902 1670 1164 1747 μισηθείς
1186 1695 1249 1730 τε
1269 1669 1362 1731 καὶ
1380 1669 1720 1748 διωκόμενος,
1741 1670 1930 1750 οἴχετο

336 1757 558 1870 φεύγων
580 1763 717 1839 τῇσι
748 1759 915 1837 νηυσὶ
949 1757 1040 1819 ἐπὶ
1064 1756 1306 1835 Λιβύης·
1343 1758 1412 1818 τό
1438 1758 1686 1819 ἐνθεῦτεν
1711 1758 1771 1821 δὲ
1794 1757 1930 1821 ὅκου

336 1846 623 1960 ἐτράπετο,
656 1848 842 1910 ουκέτι
872 1847 1027 1928 εἶχον
1064 1850 1238 1907 εἰπεῖν
1270 1845 1584 1927 Αἰγύπτιοι·
1623 1845 1832 1907 τούτων
1867 1846 1928 1907 δὲ

332 1959 405 1994 τα
448 1938 553 2012 μὲν
601 1937 887 2046 ἱστορίῃσι
926 1937 1152 2013 ἔφασαν
1194 1934 1554 2006 ἐπίστασθαι,
1587 1932 1661 1995 τοὶ
1698 1934 1760 1994 δὲ
1795 1934 1928 2011 παρ’

336 2022 590 2083 ἑωυτοῖσι
612 2024 885 2103 γενόμενα
908 2022 1176 2102 ἀτρεκέως
1203 2012 1563 2105 ἐπιστάμενοι
1587 2021 1796 2101 λέγειν.

417 2114 607 2169 Ταῦτα
628 2114 735 2186 μὲν
754 2111 1069 2193 Αἰγυπτίων
1095 2113 1151 2171 οἱ
1178 2111 1319 2188 ἶρέες
1345 2110 1559 2190 ἔλεγον·
1592 2106 1702 2188 ἐγῶ
1726 2109 1788 2167 δὲ
1809 2110 1931 2186 τω]
1943 2110 2021 2171 20

333 2195 489 2279 λόγω
513 2200 591 2275 τῷ
616 2198 745 2275 περὶ
767 2197 999 2275 Ἑλένης
1030 2198 1290 2279 λεχθέντι
1321 2196 1414 2257 καὶ
1439 2192 1603 2259 αὕτος
1627 2192 1924 2273 προστίθε-

331 2310 453 2362 μαι,
479 2284 612 2346 τάδε
642 2284 1055 2367 ἐπιλεγόμενος·
1094 2290 1144 2346 εἰ
1173 2284 1244 2362 ἦν
1274 2284 1478 2361 Ελένη
1504 2287 1564 2344 ἐν
1592 2282 1760 2364 Ἰλίω,
1785 2281 1926 2344 α’πο-

332 2372 568 2449 δοθῆναι
601 2371 669 2435 ἂν
693 2372 871 2450 αὐτὴν
894 2378 1048 2435 τοῖσι
1075 2373 1348 2449 Ἕλλησι,
1375 2370 1503 2448 ἤτοι
1541 2371 1760 2437 ἑκόντος
1789 2398 1856 2454 γε
1883 2370 1924 2450 ἢ

332 2458 565 2525 ἄκοντος
588 2459 979 2539 Ἀλεξάνδρου·
1017 2458 1083 2521 οὗ
1108 2487 1220 2572 γαρ
1245 2460 1316 2537 δή
1341 2459 1484 2521 οὕτω
1507 2486 1574 2541 γε
1601 2462 1922 2538 φρενοβλα-

331 2547 507 2624 βῆς’
470 2573 542 2625 ην
566 2546 600 2609 ό
626 2549 899 2628 Πρίαμος,
926 2548 1054 2611 οὐδὲ
1078 2552 1133 2609 οἱ
1159 2547 1332 2609 ἄλλοι
1356 2546 1737 2626 προσήκοντες
1761 2547 1921 2629 αὐτῷ,

334 2633 480 2696 ὥστε
512 2639 667 2696 τοῖσι
708 2636 1044 2714 σφετέροισι
1084 2635 1316 2712 σώμασι
1357 2636 1451 2696 καὶ
1483 2640 1640 2696 τοῖσι
1675 2636 1924 2696 τέκνοισι

332 2722 425 2782 καὶ
448 2749 521 2802 τῃ
494 2723 675 2784 πόλι
698 2724 1024 2785 κινδυνευειν
1050 2722 1430 2802 ἐβουλοντο,’
1395 2748 1536 2787 οκως
1557 2722 1926 2801 Ἀλέξανδρος

330 2810 533 2891 Ἑλένῃ
576 2814 853 2893 συνοικέῃ·
900 2816 949 2873 εἰ
989 2812 1053 2873 δέ
1089 2837 1182 2873 τοι
1222 2812 1315 2872 καὶ
1357 2816 1418 2873 ἐν
1456 2815 1612 2881 τοῖσι
1649 2810 1926 2888 πρώτοισι

328 2898 590 2979 χρόνοισι
633 2905 810 2963 ταῦτα
857 2901 1176 2983 ἐγίνωσκον,
1223 2900 1348 2961 ἐπει
1396 2900 1646 2961 πολλοὶ
1639 2925 1764 2977 μεν
1811 2903 1924 2961 τῶν

328 2986 523 3051 ἄλλων
572 2989 777 3069 Τρώων
824 2988 989 3051 οκότε
1041 2989 1420 3071 συμμίσγοιεν
1468 2990 1623 3047 τοῖσι
1662 2986 1921 3060 Ἕλλησι

328 3074 683 3150 ἀπωλλυντο,
712 3076 881 3139 αὐτοῦ
914 3077 975 3137 δὲ
1009 3076 1274 3155 Πριάμου
1310 3073 1412 3135 οὗκ
1445 3074 1568 3135 ἔστι
1600 3071 1695 3132 ὅτε
1729 3069 1795 3129 οὗ
1821 3070 1920 3130 δύο

326 3163 366 3243 ἢ
387 3170 537 3245 τρεῖς
560 3166 599 3244 ἢ
626 3166 719 3227 καὶ
746 3167 827 3226 ἔτι
857 3163 1085 3228 πλείους
1112 3188 1225 3224 των
1254 3162 1466 3223 παίδων
1488 3158 1677 3236 μάχης
1699 3157 1919 3236 γινομέ-

326 3280 425 3333 νης
458 3254 833 3334 άπέθνησκον,
867 3249 942 3332 (εἰ
973 3249 1087 3328 χρή
1117 3275 1176 3310 τι
1208 3252 1364 3310 τοῖσι
1399 3245 1718 3307 ἐποποιοῖσι
1751 3241 1924 3319 χρεώ·

327 3370 493 3417 μενον
538 3342 769 3428 λέγειν,)
811 3338 1022 3400 τούτων
1066 3336 1129 3397 δὲ
1170 3358 1438 3397 τοιουτων
1479 3327 1922 3407 συμβαινόντων,
