2267 3517
340 141 435 190 338
956 139 1324 188 ·11P0Ao¹1·o¹r
1813 137 1944 202 [IV.

334 219 447 280 ὖπό
486 221 813 301 Πεὶῢασγῶν
850 220 965 279 τῶν
1000 221 1063 276 ἐκ
1102 220 1430 294 Βραυρῶνος
1460 216 1820 292 ληῖσαμένων
1843 216 1948 280 τὰς

334 305 645 383 Ἀθηναίων
684 310 969 389 γυναῖκας,
1008 305 1121 365 &vra
1179 304 1387 364 τούτων
1433 303 1829 373 ἐξελασθέντες
1881 310 1948 365 ἐκ

335 395 571 472 Λήμνου
602 395 827 474 οἴχοντο
860 395 1127 456 πλέοντες
1159 397 1214 456 ἐς
1244 391 1655 467 Λακεδαίμονα·
1700 392 1948 468 ἱζόμενοι

336 484 399 543 δὲ
452 489 511 543 ἐν
554 485 634 562 τῷ
684 487 945 564 Τηῦγέτῳ
990 485 1103 558 πῦρ
1157 479 1424 540 ἀνέκαιον.
1509 479 1947 556 Λακεδαιμόνιοι

338 571 400 630 δὲ
454 570 659 634 ἰδόντες
704 569 949 652 ἄγγελον
996 570 1260 645 ἔπεμπον,
1311 567 1648 644 πευσόμενοι
1693 567 1834 632 τίνες
1879 596 1946 630 τε

338 658 432 718 καὶ
459 657 657 719 ὁκόθεν
684 660 801 718 εἰσί
813 683 830 728 3
874 661 929 717 οἱ
954 658 1016 717 δὲ
1038 660 1115 736 τῷ
1141 655 1365 738 ἀγγέλῳ
1394 656 1701 732 εἶρωτέοντι
1728 656 1943 736 ἔλεγον,

336 743 408 806 ὥς
457 744 654 818 εἴησαν
695 747 799 822 μὲν
846 745 1073 813 Μινύαι,
1122 744 1314 806 παῖδες
1359 742 1420 802 δὲ
1466 742 1575 802 εἶεν
1617 745 1728 802 τῶν
1769 748 1830 802 ἐν
1868 749 1946 824 τῇ

333 826 537 914 Ἀργοῖ
584 832 870 892 πλεόντων
921 830 1131 908 ἦρῶων·
1191 829 1550 908 προσχόντας
1602 829 1662 888 δὲ
1713 830 1944 895 τούτους

334 923 391 984 ἐς
436 923 669 997 Λῆμνον
714 920 998 995 φυτεῦσαί
1032 923 1238 993 σφεας.
1320 920 1374 976 οἱ
1415 917 1474 976 δὲ
1511 917 1945 994 Λακεδαιμόνιοι

336 1005 638 1083 ἀκηκοότες
702 1007 804 1068 τὸν
869 1006 1046 1087 λόγον
1101 1010 1205 1081 τῆς
1257 1008 1454 1086 γενεῆς
1503 1008 1613 1064 τῶν
1666 1007 1940 1078 Μινυέων,

336 1096 657 1172 πέμψαντες
685 1095 753 1155 τὸ
787 1093 1040 1170 δεύτερον
1080 1092 1332 1170 εῖρῶτεον
1370 1095 1431 1152 τί
1468 1092 1726 1156 θέλοντες
1753 1092 1943 1168 ἥκοιέν

334 1207 397 1241 τε
442 1187 498 1245 ἐς
537 1182 643 1258 τήν
682 1180 873 1262 χώρην
914 1182 1005 1240 καὶ
1051 1184 1166 1258 πῦρ
1207 1179 1452 1248 αἶθοιεν;
1496 1182 1550 1238 οἱ
1591 1179 1652 1238 δὲ
1699 1180 1939 1257 ἔφασαν,

332 1268 445 1329 ὕπο
488 1273 813 1351 Πελασγῶν
852 1265 1288 1344 ἐκβληθέντες’
1249 1292 1404 1343 ηκειν
1435 1271 1492 1330 ἐς
1519 1292 1650 1330 τους
1674 1270 1939 1345 πατέρας·

334 1356 711 1436 (δικαιότατον
732 1383 847 1438 γαρ
868 1356 1007 1417 εἶναι
1028 1355 1171 1416 οὕτω
1189 1358 1356 1414 τοῦτο
1379 1355 1656 1434 γίνεσθαι·
1659 1354 1684 1433 )
1713 1355 1947 1416 δέεσθαί

332 1468 397 1503 τε
444 1446 645 1503 οἰκέειν
697 1444 816 1520 ἅμα
866 1443 1138 1512 τούτοισι,
1190 1441 1392 1520 μοῖράν
1441 1467 1504 1501 τε
1553 1442 1758 1517 τιμέων
1809 1470 1939 1519 μετ-

280 1583 285 1590 .
336 1531 558 1610 ἔχοντες
585 1532 679 1590 καὶ
710 1533 812 1606 τῆς
839 1535 947 1612 γῆς
976 1530 1381 1609 ἀπολαχόντες.
1447 1530 1942 1606 Λακεδαιμονίοισι

334 1617 395 1676 δὲ
450 1617 575 1677 ἕαδε
627 1618 886 1678 δέκεσθαι
936 1618 1067 1680 τοῦς
1116 1617 1336 1681 Μινύας
1391 1616 1475 1678 ἐπ’
1530 1617 1649 1678 οἶσι
1704 1619 1942 1680 θέλουσι

334 1703 511 1764 αὐτοί·
552 1704 808 1783 μάλιστα
846 1705 906 1766 δὲ
938 1706 1101 1786 ἐνῆγέ
1130 1710 1316 1781 σφεας
1349 1705 1495 1766 ὥστε
1525 1706 1731 1766 ποιέειν
1761 1711 1943 1767 ταῦτα

332 1796 445 1854 τῶν
469 1793 843 1872 Τυνδαριδέων
866 1793 907 1870 ἦ
932 1793 1188 1869 ναυτιλίη
1213 1797 1272 1852 ἐν
1295 1798 1366 1872 τῇ
1391 1793 1608 1874 Ἀργοῖ·
1650 1793 1937 1870 δεξάμενοι

336 1880 399 1940 δὲ
439 1881 569 1946 τοῦς
613 1881 849 1954 Μινύας,
894 1887 1003 1964 γῆς
1047 1907 1111 1942 τε
1154 1881 1468 1958 μετέδοσαν
1507 1882 1600 1940 καὶ
1648 1886 1704 1945 ἐς
1749 1884 1941 1958 φυλὰς

334 1968 683 2032 διεδάσαντο·
725 1973 781 2031 οἶ
803 1969 1089 2038 δὲ,αὖτι’κα
1112 1973 1218 2046 μὲν
1250 1969 1466 2048 γάμους
1497 1969 1726 2050 ἔγημαν,
1751 1969 1854 2034 τὰς
1877 1972 1940 2032 δὲ

241 2059 355 2118 146
375 2061 437 2116 ἐκ
472 2059 706 2136 Λήμνου
739 2057 947 2138 ἤγοντο
984 2057 1249 2128 ἐξέδοσαν
1279 2055 1536 2116 ἄλλοισι.
1617 2059 1838 2134 Χρόνου
1879 2060 1939 2119 δὲ

335 2143 399 2204 οὗ
418 2150 645 2206 πολλοῦ
671 2145 1063 2216 διεξελθόντος,
1080 2144 1276 2205 αὐτίκα
1303 2147 1357 2203 οἱ
1383 2145 1595 2204 Μινύαι
1613 2144 1936 2222 ἐξύβρισαν,

332 2236 434 2308 τῆς
461 2259 523 2292 τε
560 2232 875 2309 βασιληίης
912 2233 1292 2309 μεταιτέοντες
1333 2231 1426 2290 καὶ
1465 2229 1620 2291 ἄλλα
1658 2237 1940 2298 ποιεῦντες

333 2318 434 2379 οὐκ
473 2320 628 2380 ὅσια.
707 2324 862 2382 τοῖσι
902 2319 979 2380 ὧν
1014 2320 1508 2397 Λακεδαιμονίοισι
1547 2320 1700 2390 ἔδοξε
1738 2321 1938 2386 αὖτοῦς

330 2405 671 2467 ἀποκτεῖναι·
724 2408 1117 2484 συλλαβόντες
1169 2408 1232 2467 δέ
1283 2412 1468 2483 σφεας
1519 2409 1842 2484 κατέβαλον
1883 2415 1939 2475 ἐς

332 2491 548 2570 ἑρκτήν.
592 2493 893 2573 (κτείνουσι
913 2495 973 2554 δὲ
989 2493 1121 2557 τούς
1140 2493 1208 2555 ἂν
1229 2495 1484 2555 κτείνωσι
1509 2495 1940 2572 Λακεδαιμόνιοι

328 2580 543 2652 νυκτός,
583 2580 705 2658 μετ’
746 2581 963 2659 ἡμέρην
996 2581 1057 2642 δὲ
1090 2581 1331 2662 οὐδένα.)
1405 2582 1526 2642 ἐπεὶ
1569 2581 1646 2641 ὧν
1693 2582 1938 2659 ἔμελλόν

331 2674 517 2744 σφεας
563 2669 1040 2750 καταχρήσεσθαι,
1094 2667 1518 2746 παραιτήσαπο
1571 2673 1632 2730 αἱ
1683 2674 1942 2750 γυναῖκες

328 2759 442 2817 τῶν
496 2757 767 2828 Μινυέων,
821 2760 1016 2817 ἐοῦσαι
1056 2754 1235 2816 ‹io-rai
1279 2781 1341 2816 τε
1396 2757 1490 2816 καὶ
1539 2762 1648 2818 τῶν
1707 2757 1941 2835 πρώτων

333 2844 725 2922 Σπαρτιητέων
764 2845 1075 2926 θυγατέρες,
1109 2844 1367 2904 ἐσελθεῖν
1404 2870 1468 2906 τε
1503 2849 1559 2909 ἐς
1599 2845 1705 2922 τὴν
1739 2845 1936 2924 ἑρκτὴν

332 2933 425 2992 καὶ
451 2936 506 2996 ἐς
545 2931 751 3014 λόγους
778 2933 963 2993 ἐλθεῖν
997 2931 1208 3006 ἑκάστη
1239 2935 1316 3010 τῷ
1349 2934 1550 3008 ἐωυτῆς
1575 2931 1754 3010 ἀνδρί·
1795 2937 1850 2993 οἱ
1875 2933 1934 2993 δε

332 3026 520 3097 σφεας
558 3023 816 3096 παρῆκαν
856 3018 1051 3080 οὐδένα
1092 3018 1262 3079 δόλον
1301 3018 1584 3082 δοκέοντες
1627 3021 1689 3091 ἐξ
1728 3020 1937 3081 αὐτέων

332 3107 586 3168 ἔσεσθαι·
643 3111 703 3168 αἱ
747 3107 809 3167 δὲ
856 3106 983 3165 ἐπεί
1026 3131 1091 3164 τε
1145 3106 1412 3181 ἐσῆλθον,
1457 3111 1684 3166 ποιεῦσι
1727 3107 1937 3167 τοιάδε·

332 3197 526 3255 πᾶσαν
554 3194 660 3270 τὴν
695 3193 851 3274 εἶχον
882 3193 1097 3269 ἐσθῆτα
1126 3192 1484 3268 παραδοῦσαι
1517 3196 1672 3254 τοῖσι
1699 3193 1940 3270 ἀνδράσι

332 3277 495 3338 αὐταὶ
560 3279 665 3355 τὴν
727 3284 839 3340 τῶν
904 3278 1115 3355 ἀνδρῶν
1181 3279 1415 3352 ἔλαβον·
1485 3281 1541 3338 οἶ
1601 3279 1663 3338 δὲ
1723 3279 1937 3340 Μινύαι
