2267 3517
336 133 433 180 33⁰
950 128 1320 178 ‘nrvowr
1795 126 1951 226 '[1v.

336 208 443 285 τήν
484 207 749 286 Νευρίδα·
802 206 1242 285 ταρασσομένων
1281 206 1344 266 δὲ
1383 206 1478 265 καὶΙ
1515 203 1744 276 τούτων,
1780 204 1957 281 ἥῖσαν

336 297 754 376 ὑποφεύγοντες
780 299 835 356 οἶ
863 295 1128 360 Σκύθαι’
1100 322 1158 358 ες
1182 321 1314 357 τους
1336 294 1745 376 Ἀγαθύρσους·
1784 292 1956 376 Ἀγά-

340 387 543 462 θυρσοι
568 383 688 442 δὲ’
656 383 909 459 ορέοντες
936 385 1029 442 καὶ
1054 384 1184 446 τούς
1210 382 1487 460 ομούρους
1509 383 1874 463 φεύ-γοντας“
1837 380 1954 444 tra-<3

342 474 597 538 Σκυθέων
630 473 723 531 καὶ
759 473 1220 554 τεταραγμένους,
1247 473 1380 549 πρὶν
1415 470 1456 547 ἧ
1497 477 1611 547 σφι
1647 471 1954 547 ἐμβαλέειν

339 562 471 624 τούς
512 561 746 631 Σκύθας,
788 560 1109 639 πέμψαντες
1149 559 1360 637 κήρυκα
1412 557 1766 639 ἀπηγόρευον
1812 560 1952 622 Σκύ-

344 651 485 727 θῃσι
518 648 600 726 μὴ
634 650 943 725 ἐπιβαίνειν
964 652 1077 709 τῶν
1107 647 1402 724 σφετέρων
1427 673 1618 724 ουρων,
1645 647 1955 727 προλέγον-

341 762 433 801 τες
486 736 559 799 ὥς
610 740 660 796 εἰ
710 737 1075 814 πειρήσονται
1128 735 1493 812 ἐσβαλόντες,
1532 735 1713 810 σφίσι
1757 739 1954 842 *apin-a

342 825 812 904 διαμαχήσονται.
878 823 1228 904 Ἀγάθυρσοι
1250 826 1355 899 μὲν
1379 823 1744 900 προείπαντες
1773 827 1954 882 ταῦτα

344 913 619 989 ἐβοήθεον
646 915 738 971 ἐπὶ
763 912 892 975 τούς
919 911 1129 988 οὔρους,
1160 909 1370 987 ἐρύκειν
1397 915 1455 970 ἐν
1481 913 1556 988 νῷ
1581 911 1797 989 ἔχοντες
1821 910 1954 974 τούς

342 1001 616 1064 ἐπιόντας.
686 999 1120 1080 Μελάγχλαινοι
1173 999 1234 1057 δὲ
1287 999 1380 1057 καὶ
1431 996 1811 1078 Ἀνδροφάγοι
1856 1000 1952 1058 καὶ

343 1089 569 1167 Νευροὶ,
624 1086 993 1164 ἐσβαλόντων
1043 1091 1154 1148 τῶν
1203 1086 1474 1163 Περσέων
1513 1084 1634 1163 ἅμα
1680 1086 1950 1165 Σκύθῃσι,

342 1178 471 1238 οὔτε
522 1176 665 1254 πρὸς
717 1175 899 1251 ἀλκὴν
950 1174 1256 1252 ἐτράποντο
1311 1173 1715 1251 ἐπιλαθόμενοί
1749 1198 1812 1233 τε
1851 1179 1954 1250 τῆς

340 1264 583 1341 ἀπειλῆς
624 1266 863 1345 ἔφευγον
902 1263 1009 1322 αἰει
1033 1262 1100 1322 τὰ
1128 1262 1271 1340 πρός
1305 1260 1547 1339 βορέω’
1521 1289 1576 1325 ες
1601 1287 1706 1338 την
1744 1265 1954 1338 ἐρῆμον

341 1352 857 1438 τεταραγμένοι·οἶ
884 1351 944 1410 δὲ
972 1350 1237 1415 Σκύθαι’
1212 1376 1266 1414 ες
1290 1353 1394 1427 μὲν
1411 1376 1541 1413 τους
1565 1349 1952 1431 Ἀγαθύρσους

342 1440 529 1501 οὐκέτι
556 1440 896 1503 ἀπείπαντας
920 1438 1268 1499 ἀπικνέοντο·
1303 1441 1357 1498 οἶ
1383 1437 1495 1497 δὲ’
1469 1463 1530 1497 εκ
1555 1442 1655 1514 τῆς
1682 1439 1955 1514 Νευρίδος

340 1527 526 1607 χώρης
554 1531 610 1590 ἐς
632 1527 737 1602 τὴν
764 1526 1049 1603 σφετέρην
1076 1525 1414 1607 κατηγέοντο
1438 1529 1594 1587 τοῖσι
1623 1525 1910 1602 Πέρσῃσι.

252 1618 364 1675 ’126
447 1613 547 1678 Ὡς
586 1613 646 1672 δὲ
684 1613 909 1672 πολλὰν
943 1617 1112 1673 τοῦτο
1151 1614 1363 1693 ἐγίνετο
1409 1614 1502 1673 καὶ
1529 1607 1650 1672 'ofin
1699 1613 1952 1686 ἐπαύετο,

341 1703 569 1781 πέμψας
603 1705 840 1779 Δαρεῖος
879 1701 1051 1760 ἱππέα
1081 1701 1238 1778 παρά
1271 1700 1373 1762 τᾶν
1408 1702 1663 1766 Σκυθέων
1697 1703 1955 1777 βασιλέα

341 1790 706 1868 Ἰδάνθυρσον
738 1790 897 1871 ἔλεγε
938 1789 1087 1850 τάδε·
1131 1801 1167 1825 “
1187 1789 1436 1868 δαιμόνιε
1471 1788 1700 1868 ἀνδρῶν,
1732 1791 1794 1850 τί
1820 1789 1954 1865 φεύ-

340 1905 459 1962 γεις
484 1881 593 1940 αἰεὶ
620 1879 745 1950 ἐξόν
761 1903 851 1939 τοι
876 1878 1047 1938 τῶνδε
1072 1877 1146 1938 τά
1173 1879 1332 1955 ἕτερα
1357 1881 1596 1939 ποιέειν·
1579 1923 1596 1948 ,
1640 1882 1690 1937 εἶ
1713 1904 1816 1955 μεν
1841 1877 1954 1986 γὰρ

342 1967 645 2048 ἀξιόχρεως
686 1967 892 2031 δοκέεις
935 1967 1074 2027 εἶναι
1114 1971 1338 2046 σεωυτῶ
1382 1969 1537 2026 τοῖσι
1581 1970 1770 2044 ἐμοῖσι
1811 1965 1954 2043 πρή-

341 2083 526 2138 γμασι
566 2055 913 2131 ἀντιωθῆναι,
954 2055 1029 2114 σύ
1072 2054 1130 2113 δὲ
1171 2054 1314 2119 στάς
1357 2080 1421 2114 τε
1463 2056 1555 2114 καὶ
1595 2053 1954 2131 παυσάμενος

342 2145 561 2220 πλάνης
595 2143 903 2222 μάχεσθαι·
947 2144 996 2200 εἰ
1026 2141 1086 2200 δὲ
1126 2142 1541 2222 συγγινώσκεαι
1567 2141 1706 2202 εἶναι
1735 2140 1950 2217 ἥσσων,

344 2232 421 2292 σι)
454 2233 513 2291 δὲ
550 2233 643 2291 καὶ
681 2230 823 2290 οὕτω
848 2229 1212 2308 παυσάμενος
1234 2234 1336 2289 τοῦ
1363 2229 1574 2308 δρόμου
1601 2229 1850 2308 δεσπότῃ
1874 2235 1955 2308 τῷ
2021 2231 2032 2238 ’

343 2323 427 2397 σῷ
468 2319 615 2396 δῶρα
657 2320 843 2396 φέρων
876 2321 985 2398 γῆν
1023 2344 1086 2378 τε
1123 2318 1217 2376 καὶ
1246 2317 1386 2394 ὕδωρ
1428 2319 1561 2379 ἐλθὲ
1601 2322 1657 2381 ἐς
1697 2317 1954 2398 λόγους.”

250 2407 363 2468 127
386 2405 543 2483 Πρὸς
566 2410 744 2466 ταῦτα
770 2404 802 2465 ὁ
832 2406 1086 2470 Σκυθέων
1102 2405 1384 2482 βασιλεῦς
1407 2404 1766 2482 Ἰδάνθυρσος
1794 2406 1954 2486 ἔλεγε

342 2491 493 2554 τάδε·
536 2493 732 2554 (ὀῦτω
757 2492 823 2553 vd
854 2492 987 2569 ἐμόν
1015 2493 1148 2571 ἔχει,
1178 2491 1220 2552 ὦ
1255 2493 1476 2570 Πέρσα·
1519 2492 1627 2574 ἐγὼ
1655 2491 1850 2552 οὐδένα
1878 2519 1955 2551 κω

342 2580 647 2658 ἀνθρώπων
674 2581 865 2644 δείσας
891 2581 1117 2661 ἔφυγον,
1149 2579 1275 2640 οὔτε
1300 2581 1572 2659 πρότερον
1599 2580 1726 2641 οὔτε
1751 2584 1848 2641 νῦν
1883 2606 1954 2640 σε

342 2668 553 2749 φεύγω·
597 2668 725 2728 ούδέ
756 2693 812 2728 τι
846 2666 1113 2744 νεώτερόν
1146 2671 1262 2745 εἶμι
1295 2668 1543 2744 ποιήσας
1571 2673 1670 2729 νῦν
1695 2665 1732 2744 ἢ
1761 2669 1853 2727 καὶ
1895 2673 1954 2729 ἐν

344 2755 532 2834 εἰρήνῃ
571 2756 743 2816 ἐώθεα
776 2755 1004 2815 ποιέειν.
1073 2753 1108 2816 ὅ
1139 2757 1292 2828 τιδὲ
1326 2756 1425 2816 οὐκ
1457 2757 1655 2817 αὐτίκα
1694 2756 1962 2836 μάχομαί

344 2870 451 2914 τοι,
486 2844 593 2924 ἐγώ
626 2845 717 2903 καὶ
752 2847 919 2904 τοῦτο
964 2844 1249 2921 σημανέω·
1289 2844 1426 2921 ἤμῖν
1459 2845 1585 2905 οὔτε
1621 2843 1800 2905 ἄστεα
1828 2844 1956 2905 οὔτε

342 2935 421 3012 γῆ
446 2931 887 3008 πεφυτευμένη’
862 2931 1003 3000 εστὶ,
1031 2936 1142 2992 τῶν
1161 2930 1290 3009 πέρι
1317 2932 1600 2997 δείσαντες
1623 2931 1705 3010 μή
1733 2932 1890 3010 ἀλῴη
1917 2930 1957 3008 ἢ

342 3021 505 3096 καρῇ,
532 3018 835 3097 ταχύτερον
877 3018 1298 3098 συμμίσγοιμεν
1323 3045 1392 3078 αν
1420 3025 1474 3083 ἐς
1499 3019 1691 3098 μάχην
1716 3019 1868 3096 υμῖν·
1909 3023 1959 3078 εἶ

342 3104 404 3163 δὲ
444 3106 558 3166 δέοι
597 3105 814 3168 πάντως
855 3109 910 3168 ἐς
948 3107 1117 3163 τοῦτο
1163 3105 1302 3166 κατά
1349 3105 1524 3183 τάχος
1571 3105 1954 3176 ἀπικνέεσθαι,

342 3191 688 3271 τυγχάνουσι
714 3193 851 3271 ἡμῖν
878 3191 1059 3254 ἐόντες
1084 3191 1260 3267 τάφοι
1286 3192 1573 3269 πατρώϊοι,
1591 3193 1808 3271 φέρετε,
1829 3192 1954 3254 τού-

343 3301 473 3340 τους
499 3278 822 3356 ἀνευρόντες
846 3278 1110 3359 συγχέειν
1134 3279 1410 3356 πειρᾶσθε
1436 3278 1654 3343 αύτούς·
1697 3280 1789 3338 καὶ
1815 3279 1951 3360 γνώ-
