2267 3517
256 109 351 157 360
884 107 1242 158 ἩΡΟΔΟΤΟΤ
1691 100 1859 170 [IV.

255 189 533 266 νέμονται,
553 193 701 268 τρεῖς
722 187 865 268 ὥρας
890 193 1001 250 ἐν*
976 193 1150 268 εωιπῇ
1175 188 1334 260 αἶξίας
1361 187 1633 266 θώματος·
1665 191 1866 265 πρῶτα

256 279 362 354 μὲν
380 304 493 359 γαρ
507 306 580 340 τα
563 276 1047 356 παραθαλάσσια
1066 282 1177 339 τῶν
1197 281 1420 354 καρπῶν
1439 276 1584 358 ὄργα
1555 275 1870 352 ‘'duacen‘'

256 392 317 426 τε
344 368 437 426 καὶ
463 368 795 448 τρυγᾶσθαι·
838 366 1047 427 τούτων
1080 367 1140 426 δὲ
1175 366 1718 447 συγκεκομισμένων,
1752 370 1866 425 τῶν

256 453 785 533 ὕπερθαλασσιδίων
835 455 1038 535 χώρων,
1080 455 1153 515 τοὶ
1197 457 1350 532 μέσα
1403 453 1548 534 ὀργᾷ
1593 455 1866 534 συγκομί-

258 542 473 613 ζεσθαι,
526 543 599 603 τὰ
650 543 892 619 βουνούς
946 544 1236 604 καλέουσι·
1307 541 1754 624 συγκεκόμισταί
1799 568 1868 601 τε

260 627 421 693 οὗτος
456 631 489 691 ὅ
519 633 698 708 μέσος
728 632 941 710 καρπὸς
977 633 1069 692 καὶ
1094 631 1128 692 ὅ
1157 637 1216 692 ἐν
1240 636 1313 709 τῇ
1349 629 1731 707 κατυπερτάτῃ
1763 635 1866 705 τῆς

260 724 363 800 γῆς
396 721 728 782 πεπαίνεταί
747 747 809 780 τε
837 721 929 780 καὶ
964 720 1127 802 ὀργᾷ·
1172 720 1316 780 ὥστε
1356 719 1661 778 ἐκπέποταί
1681 745 1743 777 τε
1769 720 1866 778 καὶ

260 809 693 887 καταβέβρωται
734 809 767 871 ὅ
808 813 1025 888 πρῶτος
1073 808 1299 887 καρπὸς,
1344 809 1435 867 καὶ
1475 807 1507 866 ὁ
1547 811 1868 870 τελευταῖος

260 898 761 980 συμπαραγίνεται.
845 898 989 958 οὕτω
1024 897 1109 956 ἐπ’
1138 897 1282 958 ὀκτώ
1306 902 1484 974 μῆνας
1517 896 1870 972 Κυρηναίους

260 984 451 1065 ὀπώρη
480 988 686 1066 ἐπέχει.
727 991 905 1047 ταῦτα
928 987 1033 1064 μέν
1061 1013 1158 1046 νυν
1181 987 1271 1044 ἐπὶ
1295 988 1574 1046 τοσοῦτον
1603 983 1865 1060 εἰρήσθω.

164 1075 283 1132 200
370 1077 443 1134 Οἱ
480 1075 539 1134 δὲ
574 1076 880 1154 Φερετίμης
913 1075 1146 1153 τιμωροὶ
1183 1075 1408 1152 Πέρσαι
1445 1072 1651 1132 ἐπείτε
1679 1077 1740 1130 ἐκ
1765 1076 1869 1148 τῆς

260 1163 548 1244 Αἰγύπτου
583 1164 887 1228 σταλέντες
918 1163 1031 1223 ὖπό
1060 1166 1164 1224 τοῦ
1189 1161 1498 1240 Ἀρυάνδεω
1533 1159 1774 1219 ἀπίκατο
1811 1165 1868 1222 ἐς

258 1251 363 1326 Τῆν
399 1253 641 1330 Βάρκην,
671 1251 1030 1331 ἐπολιόρκεον
1054 1251 1160 1328 τὴν
1191 1251 1361 1310 πόλιν
1387 1247 1869 1329 ἐπαγγελλόμενοι

268 1339 539 1401 ἐκδιδόναι
578 1340 708 1404 τούς
748 1341 956 1404 αἰτίους
995 1345 1097 1401 τοῦ
1140 1339 1317 1416 φόνου
1363 1340 1462 1397 τοῦ
1504 1336 1867 1414 Ἀρκεσίλεω·

261 1453 372 1488 των
399 1429 459 1488 δὲ
484 1434 597 1489 πᾶν
615 1429 727 1511 γὰρ
753 1428 824 1504 ἦν
848 1455 916 1489 το
899 1429 1160 1505 πλῆθος
1175 1427 1474 1505 μεταίτιον,
1497 1451 1596 1484 ουκ
1617 1425 1871 1485 ἐδέκοντο

261 1541 391 1579 τους
434 1516 657 1597 λόγους,
700 1518 939 1577 ἐνθαῦτα
980 1517 1049 1592 δή
1092 1514 1455 1627 ἐπολιόρκεον
1491 1513 1594 1590 τὴν
1643 1513 1872 1591 Βάρκην

264 1607 359 1662 επι
386 1608 567 1680 μῆνας
599 1603 770 1673 ἐννέα,
811 1603 1153 1680 ορύσσοντές
1191 1630 1256 1664 τε
1295 1603 1584 1684 ὀρύγματα
1625 1599 1869 1679 υπόγαια

270 1691 516 1768 φέροντα
570 1695 625 1754 ἐς
668 1690 737 1751 vd
789 1694 976 1770 τεῖχος
1028 1692 1122 1751 καὶ
1188 1690 1529 1801 προσβολας
1605 1716 1872 1767 καρτερας

263 1776 601 1857 ποιεύμενοι.
652 1805 726 1840 τα
750 1781 855 1856 μέν
890 1805 987 1841 νυν
1022 1778 1316 1862 ὀρύγματα
1341 1777 1483 1855 οἷνηρ
1508 1777 1751 1859 χαλκευς
1776 1777 1870 1838 αἶν-

267 1871 392 1946 εΰρε
424 1869 711 1950 ἐπιχάλκω
743 1868 961 1940 ἅσπίδι,
990 1867 1095 1930 ωδε
1129 1869 1518 1947 ἐπιφρασθείς·
1555 1867 1872 1945 περιφέρων

267 1956 442 2034 αὐτὴν
475 1957 629 2023 ε’ντός
660 1961 762 2020 τοῦ
790 1959 1006 2038 τείχεος
1036 1959 1326 2036 προσῖσχε
1362 1957 1504 2034 πρός
1533 1956 1601 2016 τό
1634 1954 1874 2015 δάπεδον

268 2049 368 2120 τῆς
412 2046 631 2111 πόλιος·
686 2045 759 2108 τὰ
800 2049 905 2123 μὲν
948 2046 1017 2121 δὴ
1061 2046 1218 2106 ἄλλα
1261 2047 1391 2105 ἔσκε
1445 2044 1608 2120 κωφέ
1651 2042 1793 2122 πρός
1833 2041 1872 2103 ἃ

269 2135 573 2214 προσίσχε,
605 2134 747 2194 κατὰ
782 2133 843 2193 δὲ
872 2134 941 2194 τὰ
974 2132 1337 2212 ὀρυσσόμενα
1363 2131 1574 2212 ἤχεσκε
1600 2131 1632 2192 ὁ
1657 2130 1883 2212 χαλκός,

268 2225 368 2297 τῆς
392 2221 649 2285 ἀσπίδος·
691 2221 1136 2299 ἀντορύσσοντες
1161 2221 1208 2281 δ’
1229 2220 1297 2282 ἂν
1321 2221 1496 2299 ταύτῃ
1521 2224 1576 2280 οἰ
1602 2225 1874 2298 Βαρκαῖοι

268 2309 504 2370 ἔκτεινον
527 2313 639 2371 τῶν
664 2311 935 2387 Περσέων
958 2310 1089 2374 τούς
1114 2311 1534 2392 γεωρυχέοντας.
1577 2313 1745 2370 τοῦτο
1770 2311 1876 2386 μὲν

268 2396 337 2472 δὴ
365 2396 507 2456 οὕτω
529 2397 802 2473 ἐξευρέθη·
843 2398 946 2462 τοῖς
972 2399 1032 2458 δὲ
1057 2397 1400 2475 προσβολὰς
1419 2397 1794 2476 ἀπεκρούοπο
1822 2400 1877 2456 οἶ

175 2486 285 2544 201
310 2487 595 2562 Βαρκαῖοι.
682 2485 903 2562 Χρόνον
935 2487 996 2546 δὲ
1026 2486 1095 2563 δὴ
1126 2486 1350 2556 πολλὸν
1370 2487 1740 2564 τριβομένων,
1783 2486 1876 2545 καὶ

268 2571 583 2634 πιπτόντων
622 2571 955 2651 ἀμφοτέρων
993 2579 1228 2636 πολλῶν
1269 2575 1363 2634 καὶ
1403 2573 1504 2635 οὔκ
1542 2573 1734 2651 ἧσσον
1764 2577 1877 2634 τῶν

272 2662 554 2739 Περσέων,
571 2660 824 2739 Ἀμασις
850 2661 881 2722 ὁ
909 2662 1228 2744 στρατηγός
1245 2667 1347 2723 τοῦ
1366 2665 1536 2734 πεζοῦ
1556 2666 1878 2741 μηχανᾶται

269 2747 472 2810 τοιάδε·
503 2749 701 2827 μαθων
725 2749 856 2814 τούς
875 2751 1203 2829 Βαρκαίους,
1233 2750 1304 2814 ὥς
1325 2751 1466 2810 κατὰ
1492 2753 1598 2828 μὲν
1622 2750 1688 2810 τό
1719 2755 1874 2828 ἰσχυ-

267 2835 372 2915 ρόν
404 2835 506 2897 οὐκ
541 2838 750 2917 αἱρετοὶ
788 2838 894 2899 εἷεν
930 2839 1079 2918 δόλῳ
1114 2839 1176 2898 δὲ
1207 2840 1433 2916 αἱρετοὶ,
1460 2839 1638 2898 ποιέει
1669 2837 1875 2898 τοιάδε·

268 2924 463 2990 νυκτός
486 2925 707 3004 τάφρον
732 2925 932 3004 ὀρύξας
958 2926 1168 3004 εὖρέην,
1198 2925 1438 2986 ἐπέτεινε
1463 2926 1608 2995 ξύλα
1634 2925 1876 2986 οἷσθενέα

268 3011 409 3090 ὑπὲρ
442 3013 630 3090 αὐτῆς·
672 3015 981 3092 κατύπερθε
1006 3015 1067 3073 δὲ
1065 3017 1394 3121 Ηέπίπολῆς
1391 3016 1504 3074 τῶν
1531 3014 1712 3082 ξύλων
1736 3017 1877 3091 χοῦν

268 3103 375 3178 γῆς
410 3103 749 3179 ἐπεφόρησε,
787 3104 990 3161 ποιεων
1018 3104 1091 3179 τῇ
1129 3100 1284 3180 αλλῃ
1315 3105 1394 3182 γῇ
1434 3100 1716 3161 ἰσόπεδον·
1759 3126 1878 3176 αμα

268 3183 450 3262 ἡμέρῃ
486 3187 600 3246 δε’
574 3214 629 3252 ες
626 3188 866 3297 λόγους
896 3188 1271 3266 προεκαλεετο
1295 3214 1426 3251 τους
1451 3191 1780 3264 Βαρκαίους·
1823 3213 1877 3246 οι

276 3269 331 3326 15ὲ
372 3270 683 3338 ἀσπαστῶς
714 3274 1059 3351 ὖπήκουσαν,
1103 3279 1162 3336 ἐς
1201 3273 1233 3333 ὅ
1275 3280 1390 3349 σφι
1429 3275 1554 3334 ἕαδε
1596 3274 1878 3353 ὁμολογίῃ
