2267 3517
334 116 427 165 182
728 130 743 143 ·
935 114 1302 165 ‘HPOAowr
1373 138 1380 145 -
1832 109 1932 174 [11.

326 193 389 253 δὲ
438 193 580 271 πρὸς
630 193 795 255 νότον
844 188 1220 271 τετραμμέναι
1271 192 1548 270 συνεχέες·
1631 193 1824 269 τοῖχος
1874 190 1936 251 δὲ

328 280 525 349 ἔξωθεν
551 279 584 339 ὁ
610 279 775 343 αύτός
801 286 986 355 σφεας
1009 279 1307 359 περιέργει.
1379 276 1655 355 οἰκήματα
1681 277 1727 336 δ’
1749 278 1933 339 ἔνεστι

328 366 519 437 διπλᾶ,
545 367 617 426 τὰ
652 369 756 443 μὲν
792 366 1037 447 ῦπόγαια
1070 366 1144 427 τὰ
1171 367 1231 425 δὲ
1266 366 1514 443 μετέωρα
1542 364 1625 425 ἐπ’
1655 366 1932 436 ἐκείνοισι,

326 455 621 533 τρισχίλια
646 453 902 531 α’ριθμὸν,
931 454 1312 514 πεντακοσίων
1339 454 1432 512 καὶ
1457 454 1656 532 χιλίων
1683 452 1932 531 ἑκάτερα.

327 540 401 601 τὰ
424 543 528 618 μέν
552 568 649 602 νυν
672 542 923 619 μετέωρα
946 545 1056 603 τῶν
1083 540 1397 618 οἰκημάτων
1423 540 1588 601 αύτοί
1611 566 1676 601 τε
1701 539 1935 618 ὁρέομεν

328 628 616 699 διεξιόντες
667 629 759 689 καὶ
812 628 969 689 αὐτοὶ
1016 627 1356 706 θεησάμενοι
1408 629 1667 709 λέγομεν·
1749 627 1822 687 τὰ
1858 628 1935 688 δὲ

330 714 511 778 αὐτῶν
548 716 793 799 ῦπόγαια
832 715 1061 798 λόγοισι
1102 714 1540 792 ἐπυνθανόμεθα·
1582 718 1638 775 οἱ
1666 714 1777 796 γὰρ
1813 720 1934 775 ἐπε-

330 809 567 869 στεῶτες
617 810 727 865 τῶν
778 804 1095 885 Αἰγυπτίων
1157 803 1430 864 δεικνύναι
1490 802 1632 863 αὐτὰ
1683 800 1936 879 οὐδαμῶς

331 889 553 966 ἤθελον,
596 892 838 970 φάμενοι
880 891 1052 968 θήκας
1090 890 1288 951 αύτόθι
1329 890 1468 951 εἶναι
1504 894 1615 951 τῶν
1652 916 1736 951 τε.
1755 889 1936 969 ἀρχὴν

334 978 435 1039 τόν
474 980 818 1058 λαβύρινθον
852 984 1054 1041 τοῦτον
1094 979 1618 1057 οἰκοδομησαμένων
1643 980 1935 1055 βασιλέων

333 1067 426 1126 καὶ
450 1074 560 1129 τῶν
594 1071 725 1146 ἱρῶν
761 1067 1146 1146 κροκοδείλων·
1189 1065 1332 1126 οὕτω
1360 1070 1472 1127 τῶν
1505 1068 1608 1143 μὲν
1635 1064 1782 1127 κάτω
1805 1067 1935 1144 πέρι

334 1154 646 1232 οἰκημάτων
673 1154 815 1234 οἷκοῇ
839 1153 1274 1233 παραλαβόντες
1308 1154 1567 1234 λέγομεν·
1607 1152 1682 1213 τοὶ
1717 1153 1778 1212 δὲ
1804 1153 1932 1225 ἅνω,

330 1244 537 1320 μέζονα
565 1242 925 1320 ἅνθραηηΐων
954 1244 1127 1324 ἔργων
1154 1240 1314 1301 αὐτοὶ
1348 1240 1598 1319 ὁρέομεν·
1641 1240 1706 1299 αἵ
1735 1266 1798 1302 τε
1823 1242 1934 1323 γοῖρ

334 1330 511 1399 ἔξοδοι
538 1330 629 1389 διὰ
653 1334 765 1391 τῶν
790 1332 1032 1411 στεγέων
1058 1330 1153 1389 καὶ
1179 1328 1484 1410 οἰ.ἐλιγμοὶ
1511 1328 1604 1387 διὰ
1637 1332 1748 1389 τῶν
1774 1326 1935 1389 αὐλέ-

332 1443 423 1488 ων,
466 1417 648 1481 ἐόντες
686 1417 1097 1487 ποικιλώτατοι,
1131 1417 1327 1494 θῶυμα
1364 1416 1563 1493 μυρίον
1600 1418 1936 1497 παρείχοντο

332 1504 396 1573 ἐξ
424 1503 602 1580 αὐλῆς
640 1530 704 1564 τε
744 1510 800 1568 ἐς
832 1504 907 1565 τοὶ
948 1491 1226 1582 οἰκήματα
1273 1504 1556 1573 διεξιοῦσι,
1596 1506 1690 1563 καὶ
1727 1510 1786 1564 ἐκ
1825 1509 1936 1565 τῶν

334 1591 645 1669 οἰκημάτων
680 1598 737 1656 ἐς
775 1591 1085 1663 παστάδας,
1125 1597 1183 1655 ἐς
1208 1592 1415 1674 στέγας
1439 1617 1504 1651 τε
1529 1590 1712 1655 ἄλλας
1738 1597 1800 1652 ἐκ
1823 1597 1934 1654 τῶν

334 1679 653 1751 παστάδων,
681 1681 775 1740 καὶ
815 1686 872 1745 ἐς
911 1680 1089 1743 αύλοὶς
1127 1678 1312 1745 ἄλλας
1351 1685 1413 1740 ἐκ
1445 1684 1564 1741 τῶν
1603 1678 1932 1758 οἰκημάτων·

335 1766 519 1845 όροφή
557 1768 619 1828 δὲ
650 1767 871 1829 πάντων
903 1767 1112 1830 τούτων
1147 1769 1352 1845 λιθίνη,
1380 1767 1626 1845 κατάπερ
1654 1771 1708 1828 οἱ
1731 1772 1934 1849 τοῖχοι·

334 1858 390 1915 οἰ
415 1856 476 1915 δὲ
508 1859 693 1936 τοῖχοι
717 1856 903 1918 τύπων
940 1857 1404 1939 ἐγγεγλυμμένων
1437 1857 1624 1915 πλέοι·
1692 1855 1839 1934 αῦλή
1875 1857 1935 1917 δὲ

334 1944 542 2022 ἑκάστη
593 1945 949 2023 περίστυλος,
1003 1945 1175 2005 λίθου
1209 1948 1415 2005 λευκοῦ
1461 1942 1823 2021 οἷρμοσμένου
1860 1944 1935 2005 τοὶ

331 2032 609 2111 μαλιστα·
672 2037 775 2111 τῆς
809 2034 869 2093 δὲ
902 2034 1103 2115 γωνίης
1137 2036 1504 2096 τελευτωντος
1536 2036 1638 2091 τοῦ
1668 2034 1934 2111 λαβυρίν-

340 2123 505 2183 θου*
477 2148 663 2202 εχεται
692 2122 937 2200 πυραμὶς
964 2120 1582 2202 τεσσερακοντόργυιος,
1611 2124 1671 2181 ἐν
1709 2125 1782 2199 τῇ
1821 2122 1936 2193 ζωα

332 2209 558 2292 μεγαλα
604 2210 999 2292 ἐγγέγλυπται·
1067 2208 1196 2273 ὁδος
1225 2208 1288 2268 δ’
1333 2212 1392 2274 ἐς
1435 2206 1611 2285 αὖτήν
1661 2207 1774 2269 find
1825 2213 1936 2291 γῆν

334 2298 651 2375 πεποίηται.

242 2387 353 2445 149
413 2389 525 2444 Τοῦ
552 2387 613 2446 δὲ
637 2386 985 2464 λαβυρίνθου
1010 2386 1212 2448 τούτου
1238 2385 1424 2449 ἐόντος
1441 2383 1714 2456 τοιούτου,
1742 2386 1936 2462 θῶυμα

334 2472 415 2531 ἔτι
458 2474 627 2549 μέζον
672 2474 976 2552 παρέχεται
1020 2476 1060 2550 ἤ
1105 2474 1345 2551 Μοίριος
1388 2474 1700 2551 καλεομένη
1744 2473 1933 2550 λίμνη,

332 2557 462 2637 παρ’
502 2560 571 2636 ἣν
610 2560 643 2621 ὅ
682 2560 1028 2638 λαβύρινθος
1068 2559 1232 2625 οὗτος
1270 2560 1648 2637 οἰκοδόμηται.
1729 2564 1832 2636 τῆς
1867 2560 1934 2621 τὸ

332 2649 663 2725 περίμετρον
698 2652 799 2724 τῆς
836 2649 1097 2726 περιόδου
1139 2649 1251 2709 εἶσὶ
1288 2647 1509 2708 στάδιοι
1535 2647 1818 2717 ἑξακόσιοι
1843 2649 1938 2708 καὶ

332 2737 657 2815 τρισχίλιοι,
689 2737 931 2816 σχοίνων
956 2735 1224 2813 ἐξήκοντα
1262 2736 1475 2807 ἐόντων,
1502 2736 1622 2796 ἶσοι
1647 2736 1743 2795 καὶ
1767 2734 1938 2812 αῦτῆς

334 2823 621 2905 Αἰγύπτου
658 2824 725 2885 τὰ
763 2824 917 2901 παρὰ
960 2823 1284 2886 θάλασσαν.
1367 2825 1549 2886 κέεται
1585 2824 1646 2885 δὲ
1678 2823 1868 2902 μακρὴ
1897 2825 1936 2900 ἦ

334 2912 505 2988 λίμνη
538 2911 680 2988 πρός
713 2914 927 2989 βορέην
964 2938 1027 2973 τε
1064 2913 1158 2973 καὶ
1195 2912 1376 2983 νότον,
1421 2916 1596 2973 ἐοῦσα
1628 2910 1829 2989 βάθος,
1863 2916 1937 2991 τῇ

330 3000 624 3077 βαθυτάτη
666 3000 806 3075 αὐτὴ
856 3004 1073 3076 ἑωυτῆς,
1110 2999 1692 3081 πεντηκοντόργυιος..
1742 3000 1830 3060 ὅτι
1877 2998 1938 3058 δὲ

336 3088 725 3166 χειροποίητός
763 3092 889 3148 ἐστι
931 3088 1023 3147 καὶ
1064 3087 1268 3165 ὀρυκτή
1310 3088 1450 3164 αύτῆ
1491 3088 1673 3163 δηλοῖ·
1727 3090 1787 3146 ἐν
1825 3085 1937 3166 γοὶρ

331 3175 485 3254 μέσῃ
523 3180 595 3255 τῇ
635 3176 807 3255 λίμνῃ
846 3174 1104 3253 μάλιστά
1145 3201 1216 3252 κη
1243 3179 1446 3235 ἑστᾶσι
1476 3174 1575 3233 δύο
1613 3173 1936 3250 πυραμίδες,

344 3262 433 3319 Ὓῦ
456 3261 655 3327 ὕδατος
678 3262 1055 3344 ὑπερέχουσαι
1073 3260 1416 3339 πεντήκοντα
1435 3258 1660 3341 ὀργυιὰς
1687 3258 1934 3333 ἑκατέρη,
