2267 3517
375 100 656 166 105-103]
1033 101 1301 152 eAAmA.
1879 102 1975 151 253

372 184 658 256 ποταμῶν,
690 179 724 240 ὅ
765 180 840 250 δὲ,
875 179 1066 258 ὥσπερ
1105 180 1378 256 ἐσήμηνα,
1422 177 1821 257 ἁρπαζόμενος.
1901 179 1977 242 τὰ

375 267 436 327 δὲ
487 268 712 344 δένδρεα
762 268 835 327 τὰ
879 267 1066 348 ἄγρια,
1092 267 1289 329 αὐτόθι
1342 268 1503 345 φέρει
1550 267 1765 344 καρπόν
1820 268 1976 345 εἴρια,

374 360 628 434 καλλονῇ
671 381 736 416 τε
787 357 1149 432 προφέροντα
1192 357 1285 413 καὶ
1340 354 1511 434 οἷρετῇ
1557 360 1667 416 τῶν
1714 354 1827 416 dm}
1868 362 1979 416 τῶν

374 442 522 503 ὀΐων·
591 444 684 502 καὶ
732 445 932 519 ἐσθῆτι
982 446 1036 502 οἱ
1084 443 1253 503 Ἰνδοὶ
1302 442 1415 504 οἷπὸ
1459 443 1668 504 τούτων
1712 447 1821 504 τῶν
1864 444 1978 505 δεν-

375 529 548 607 δρέων
587 532 878 610 χρέωνται.
961 530 1122 608 Προς
1148 531 1195 589 δ’
1222 557 1291 590 αυ
1312 532 1683 644 μεσαμβρίης
1723 531 1939 611 ἐσχάτη
1959 532 2071 595 107

373 615 622 695 Ἀραβίη
662 623 776 678 τῶν
813 620 1139 696 οἷκεομένων
1181 609 1401 696 χωρέων
1437 619 1578 678 ἐστί·
1622 623 1680 678 ἐν
1716 619 1777 678 δὲ
1805 618 1979 700 ταύτῃ

374 706 695 782 λιβανωτός
745 707 812 767 τέ
869 712 993 767 ἐστι
1043 705 1222 784 μούνῃ
1284 706 1505 785 χωρέων
1561 707 1789 766 πασέων
1842 707 1979 783 φυό-

373 818 556 868 μενος,
620 796 714 853 καὶ
767 794 1006 873 σμύρνη,
1055 794 1149 854 καὶ
1208 795 1397 870 κασίη,
1453 794 1545 853 καὶ
1611 820 1979 871 κινναμωμον,

376 883 470 940 καὶ
521 881 786 959 λήδανον.
867 887 1045 944 ταῦτα
1097 882 1298 952 πάντα,
1353 881 1508 957 πλὴν
1557 887 1661 958 τῆς
1711 881 1978 959 σμύρνης,

376 968 689 1034 δυσπετέως
715 973 974 1032 κτέωνται
1001 973 1056 1030 οἳ
1079 969 1364 1048 Ἀράβιοι.
1444 968 1545 1031 τόν
1567 970 1673 1047 μέν
1706 994 1774 1050 γε
1808 972 1978 1045 λιβα-

375 1057 549 1117 νωτόν
591 1060 962 1139 συλλέγουσι,
995 1058 1102 1134 τὴν
1144 1058 1398 1134 στύρακα
1440 1058 1741 1134 θυμιῶντες
1778 1056 1883 1133 τῆν
1925 1063 1981 1122 ἐς

367 1142 654 1220 Ἕλληνας
679 1148 928 1210 Φοίνικες
955 1146 1239 1227 ἐξάγουσι·
1279 1145 1486 1222 ταύτην
1514 1147 1811 1221 θυμιῶντες
1835 1148 1979 1221 λαμ·

377 1231 644 1306 βαίνουσι·
694 1232 767 1293 ταῖ
807 1233 918 1314 γσῖρ
955 1234 1183 1311 δένδρεα
1218 1238 1399 1294 ταῦτα
1425 1232 1497 1292 τοὶ
1538 1232 1981 1310 λιβανωτοφόρα

378 1317 538 1393 ὄφιες
587 1319 907 1399 ὖπόπτεροι,
954 1322 1145 1398 μικροὶ
1190 1322 1262 1381 τοὶ
1302 1320 1567 1401 μεγάθεα,
1614 1320 1865 1379 ποικίλοι
1904 1319 1977 1380 ταῖ

378 1407 542 1478 εἴδεα,
596 1408 987 1485 φυλάσσουσι,
1040 1409 1252 1486 πλήθεϊ
1307 1409 1521 1469 πολλοὶ
1576 1409 1707 1487 περὶ
1756 1408 1980 1486 δένδρον

377 1495 636 1558 ἕκαστον·
677 1496 832 1558 ὀὗτοι
857 1499 1016 1576 οἷπερ
1043 1496 1129 1558 ἐπ’
1156 1499 1445 1580 Αἴγυπτον
1470 1497 1978 1576 ἐπιστρατεύονται·

377 1582 557 1646 οὐδενὶ
598 1586 660 1646 δὲ
700 1585 862 1667 ἄλλῳ
906 1585 1315 1647 ἀπελαύνονται
1347 1585 1461 1646 ‹in-«3
1496 1589 1606 1646 τῶν
1636 1585 1911 1663 δενδρέων,
1940 1583 1978 1661 ἢ

373 1677 476 1748 τῆς
527 1674 804 1752 στύρακος
846 1679 925 1754 τῷ
978 1679 1186 1754 καπνῷ.
1266 1674 1520 1754 Λέγουσι
1566 1675 1627 1734 δὲ
1674 1674 1767 1734 καὶ
1812 1673 1939 1733 τόδε
1958 1675 2083 1734 108

375 1759 656 1838 Ἀράβιοι,
709 1763 784 1826 ὥς
835 1767 1000 1823 πᾶσα
1041 1761 1112 1823 ἂν
1156 1766 1233 1844 γῆ
1286 1761 1610 1839 ἐπίμπλατο
1649 1764 1761 1821 τῶν
1800 1761 1980 1838 ὀφίων

375 1849 598 1921 τούτων,
630 1855 678 1909 εἷ
702 1850 784 1928 μή
817 1851 1077 1930 γίνεσθαι
1109 1850 1229 1910 κατ’
1256 1847 1455 1912 αὐτοῦς
1488 1848 1608 1909 οἷόν
1631 1874 1688 1908 τι
1715 1848 1857 1908 κατὰ
1879 1848 1981 1912 τσῖς

379 1937 596 2013 ἐχίδνας
633 1936 962 2013 ἠπιστάμην
995 1938 1267 2018 γίνεσθαι.
1354 1936 1452 2009 καί
1486 1960 1591 1999 κως
1623 1939 1725 1995 τοῦ
1761 1935 1910 1995 θείου
1938 1935 1978 2011 ἦ

377 2024 627 2099 προνοίη,
677 2024 866 2100 ὥσπερ
911 2025 1004 2084 καὶ
1045 2023 1195 2088 οἶκός
1230 2030 1370 2096 ἐστι,
1416 2028 1590 2084 ἐοῦσα
1630 2021 1811 2099 σοφή·
1865 2021 1979 2083 ὅσα

376 2110 636 2192 μὲνὶγοῖρ
681 2111 870 2190 ψυχήν
911 2137 975 2172 τε
1016 2107 1174 2172 δειλὰ
1217 2113 1311 2172 καὶ
1363 2111 1617 2188 ἐδώδιμα,
1658 2113 1837 2170 ταῦτα
1875 2112 1981 2188 μὲν

377 2194 562 2256 πάντα
603 2197 894 2280 πολύγονα
947 2200 1264 2276 πεποίηκεν,
1307 2200 1397 2260 ἵνα
1447 2199 1529 2276 μή
1574 2197 1805 2277 ἐπιλίπῃ
1850 2222 1978 2257 κατ-

381 2284 700 2362 εσθιόμενα·
741 2285 856 2346 ὅσα
894 2287 954 2347 δὲ
988 2288 1233 2366 σχέτλια
1273 2288 1365 2348 καὶ
1404 2286 1618 2364 ἀνιηροὶ,
1652 2285 1975 2368 ὀλιγόγονα.

377 2377 545 2433 τοῦτο
572 2375 692 2450 μὲν,
721 2373 808 2434 ὅτι
832 2374 866 2435 ὅ
891 2375 1069 2457 λαγὸς
1092 2375 1203 2435 akra
1231 2374 1439 2438 παντός
1466 2374 1753 2453 θηρεύεται
1784 2374 1995 2453 θηρίου-

381 2461 476 2520 καὶ
518 2460 740 2540 γὄρνιθος
780 2463 876 2522 καὶ
916 2462 1227 2541 ἀνθρώπου,
1274 2463 1417 2524 οὕτω
1458 2462 1527 2538 δή
1568 2489 1626 2523 τι
1662 2461 1981 2544 πολύγονόν

381 2554 525 2610 ἐστι·
581 2551 958 2612 ἐπικυΐσκεται
999 2556 1207 2630 μοῦνον
1241 2551 1462 2612 πάντων
1499 2552 1718 2630 θηρίων·
1778 2552 1869 2611 καὶ
1908 2550 1975 2611 τό

378 2640 483 2714 μὲν
507 2637 652 2699 δασῦ
689 2643 800 2700 τῶν
823 2641 1026 2702 τέκνων
1052 2645 1110 2700 ἐν
1140 2645 1214 2719 τῇ
1238 2640 1465 2720 γαστρὶ,
1491 2639 1559 2700 τὰ
1594 2640 1655 2700 δὲ
1688 2638 1879 2717 ψιλὸν,
1905 2638 1973 2698 τό

380 2727 442 2785 δὲ
465 2725 592 2804 ἄρτι
629 2731 688 2788 ἐν
726 2731 864 2807 τῇσι
896 2727 1151 2808 μήτρῃσι
1190 2726 1533 2798 πλάσσεται,
1559 2726 1627 2788 τὰ
1671 2728 1731 2787 δὲ
1765 2726 1978 2803 οἷναιρέ-

382 2839 518 2873 εται·
559 2820 726 2876 τοῦτο
765 2819 870 2893 μὲν
903 2816 972 2892 δὴ
1007 2816 1229 2876 τοιοῦτό
1266 2821 1403 2894 ἐστι.
1486 2814 1527 2891 ἦ
1563 2815 1623 2875 δὲ
1658 2815 1727 2891 δὴ
1762 2815 1975 2884 λέαινα,

381 2902 476 2963 ἐόν
512 2903 882 2982 ἰσχυρότατον
921 2905 1014 2964 καὶ
1054 2903 1423 2982 θρασύτατον,
1464 2902 1619 2972 ἅπαξ
1656 2908 1715 2962 ἐν
1751 2907 1828 2980 τῷ
1866 2903 1979 2980 βίῳ

379 2991 555 3050 τίκτει
594 2991 670 3050 ἕν·
710 2990 982 3052 τίκτουσα
1009 2992 1122 3074 γοῖρ
1160 2992 1542 3069 συνεκβάλλει
1574 2994 1653 3069 τῷ
1684 2989 1854 3067 τέκνῳ
1879 2988 1979 3052 τὰς

380 3077 616 3157 μήτρας·
675 3105 742 3141 το
785 3079 847 3140 δὲ
899 3080 1074 3142 αἴτιον
1117 3079 1319 3141 τούτου
1356 3078 1486 3139 τόδε
1534 3078 1676 3138 ἐστί·
1739 3077 1905 3136 ἐπεοὶν
1946 3075 1980 3136 ὁ

381 3167 630 3244 σκύμνος
669 3171 728 3229 ἐν
765 3173 838 3248 τῇ
873 3167 1058 3246 μήτρῃ
1096 3167 1199 3228 ἐων
1223 3191 1464 3246 αρχηται
1496 3162 1983 3240 διακινεόμενος,ο

381 3254 444 3315 δὲ
485 3254 696 3336 ἔχων”
663 3281 867 3337 ονυχας
906 3257 1109 3333 θηρίων
1148 3254 1371 3315 πολλόν
1410 3250 1629 3312 πάντων
1667 3249 1933 3321 ὄξυτατοτ·
