2267 3517
280 94 379 143 168
706 81 713 93 '
877 94 1246 145 ἯΡοΔοΤοΤ
1773 92 1875 160 [Π.

279 172 467 235 ἄδειάν
490 200 553 235 τε
584 173 805 237 διδόντα
840 175 933 235 καὶ
965 174 1193 257 μεγάλα
1223 172 1630 253 ύποδεκόμενον
1657 174 1882 237 ἐλθόντι

282 267 336 324 ἐς
361 261 491 341 ὄψιν
515 261 619 338 τήν
648 266 866 323 ἔωυτοΰ·
892 262 990 324 τᾶν
1010 264 1070 323 δὲ
1091 267 1256 341 φῶρα
1281 262 1670 323 πιστεύσαντα
1695 265 1882 324 ἐλθεῖν

278 347 421 426 πρός
453 348 639 409 αὐτόν·
680 349 1043 429 Ῥαμψίνιτον
1074 350 1134 409 δὲ
1165 350 1424 431 μεγάλως
1451 349 1759 427 θωυμάσαι,
1788 350 1886 411 καί

281 439 336 495 οἶ
360 435 465 513 τὴν
491 436 767 519 θυγατέρα
791 437 999 515 ταύτην
1024 439 1344 499 συνοικίσαι
1379 438 1451 502 ὦς
1482 438 1731 498 πλεῖστα
1765 443 1880 498 ε’πι-

282 524 540 607 σταμένῳ
566 524 885 603 ἀνθρώπων·
924 527 1261 607 Αἰγυπτίους
1286 527 1390 602 μὲν
1413 523 1526 607 γὰρ
1551 529 1663 586 τῶν
1687 524 1881 587 ἄλλων

282 613 699 691 προκεκρίσθαι,
729 617 936 675 ἐκεῖνον
962 614 1021 673 δὲ
1046 614 1383 695 Αἰγυπτίων.

191 701 307 760 122
364 700 527 761 Μετοὶ
560 702 620 760 δὲ
648 706 826 762 ταῦτα
858 704 1055 783 ἔλεγον
1086 706 1286 763 τοῦτον
1316 701 1416 763 τ’ὄν
1441 702 1708 777 βασιλῆα
1741 700 1882 773 ζωόν

285 791 599 866 καταβῆναι
630 788 787 850 κάτω
802 794 859 854 ἔς
886 789 987 851 τὸν
1013 794 1067 849 οἱ
1094 789 1376 865 Ἕλληνες
1405 788 1564 865 οἷΐδην
1588 789 1882 867 νομίζουσι

286 876 441 951 εἶναι,
473 904 565 937 και
591 878 731 938 κεῖθι
756 877 1128 959 συγκυβεύειν
1151 880 1224 955 τῆ
1253 875 1531 955 Δήμητρι·
1565 876 1657 936 καὶ
1681 875 1753 936 τοὶ
1777 877 1882 952 μὲν

284 969 443 1026 νικᾶν
482 964 671 1042 αὐτήν,
714 966 812 1028 τοὶ.
828 967 890 1025 δε
933 966 1250 1026 ἑσσοῦσθαι
1290 964 1382 1025 υπ’
1423 964 1612 1041 αύτῆς·
1654 964 1752 1023 καί
1783 990 1883 1042 μιν

262 1053 525 1114 -ποίλιν”
488 1078 600 1114 ανω
630 1053 932 1115 ἀπικέσθαι
966 1053 1203 1131 δῶρον”
1175 1078 1377 1132 εχοντα
1412 1051 1542 1130 παρ’
1547 1050 1738 1137 ἀὐτῆς
1767 1076 1882 1131 χει-

283 1140 599 1219 ρόμακτρον
624 1141 887 1220 χρύσεον.
956 1140 1069 1201 dv&
1103 1140 1164 1201 δὲ
1194 1144 1296 1216 τῆς
1319 1140 1685 1218 Ῥαμψινίτου
1715 1153 1881 1199 ’κατα-

285 1228 511 1305 βάσιος,
547 1228 618 1292 ὥς
649 1228 824 1290 πάλιν
864 1228 1111 1301 ἀπίκετο,
1145 1228 1316 1307 ὁρτὴν
1347 1227 1415 1305 δὴ
1457 1226 1682 1309 ἀνοίγειν
1714 1232 1891 1308 Αἰγυ·-

284 1317 478 1380 πτίους
518 1318 759 1393 ἔφασαν·
811 1316 916 1393 τὴν
966 1317 1058 1376 καὶ
1098 1316 1207 1399 ε’γῶ
1249 1316 1374 1375 οἶδα
1415 1316 1500 1377 ,ἔτι
1545 1316 1638 1374 καὶ
1685 1320 1740 1379 ἐς
1785 1318 1884 1391 ε’μὲ

289 1403 673 1467 ἐπιτελέοντας
698 1403 911 1475 αὐτούς,
941 1403 1007 1463 οὗ
1042 1403 1236 1481 μέντοι
1266 1405 1374 1464 εἴτε
1407 1402 1474 1463 δι’
1501 1401 1652 1463 ἄλλο
1679 1428 1737 1463 τι
1774 1403 1884 1463 εἴτε

288 1490 380 1550 διαὶ
397 1495 574 1551 ταῦτα
600 1489 897 1568 ὁρτάζουσι
923 1492 1031 1571 ἔχω
1056 1491 1262 1573 λέγειν·
1292 1495 1476 1569 φᾶρος
1494 1491 1554 1551 δὲ
1572 1490 1884 1567 αὕτημερόν

287 1578 657 1657 ἐξυφήναντες
702 1582 756 1639 οἱ
802 1578 958 1657 ἱρέες,
1003 1577 1119 1639 κατ’
1166 1577 1241 1639 ὧν
1287 1578 1494 1655 ἔδησαν
1540 1578 1658 1642 {vas-
1705 1577 1884 1639 αὐτῶν

286 1667 455 1745 μίτρῃ
479 1666 609 1730 τούς
637 1666 989 1744 ὀφθαλμούς·
1032 1665 1336 1748 ἀγαγόντες
1367 1666 1428 1727 δέ
1458 1692 1557 1744 μιν
1584 1668 1783 1746 ἔχοντα
1803 1666 1882 1728 ’τό

289 1758 471 1833 φᾶρος
511 1760 567 1818 ἐς
609 1754 740 1816 ὁδόν
781 1755 1067 1834 φέρουσαν
1108 1759 1165 1819 ἐς
1209 1756 1328 1833 ῖρόν
1370 1754 1684 1833 Δήμητρος,
1725 1753 1882 1815 αὐτοὶ

288 1842 764 1904 ἀπαλλάσσονται
797 1842 998 1904 ὀπίσω·
1039 1841 1141 1904 τόν
1175 1844 1234 1903 δὲ
1272 1842 1392 1921 ἱρέα
1425 1847 1624 1903 τοῦτον
1659 1842 1884 1903 καταδεὸ

291 1930 519 2009 δεμένον
562 1931 693 1996 τοῦς
740 1930 1073 2010 ὀφθαλμούς
1118 1930 1356 2013 λέγουσι
1399 1930 1510 1991 ύπό
1558 1929 1656 1991 δύο
1702 1930 1886 1991 λύκων

292 2019 531 2102 ἄγεσθαι
568 2026 624 2085 ἐς
656 2020 724 2082 τὸ
764 2021 883 2099 ἶρόν
916 2025 1017 2097 τῆς
1057 2019 1375 2099 Δήμητρος,
1407 2018 1622 2099 ἀπέχον
1649 2022 1751 2095 τῆς
1782 2018 1882 2079 πό-

290 2112 413 2173 λιος
446 2110 653 2170 ἐείκοσι
686 2110 963 2179 σταδίους,
997 2110 1089 2167 καὶ
1121 2108 1274 2172 αὖτις
1304 2107 1488 2169 ὀπίσω
1521 2112 1582 2167 ἐκ
1620 2111 1722 2168 τοῦ
1763 2109 1883 2181 ἰροῦ

198 2199 311 2256 123
332 2196 566 2278 οἷποῖγειν
603 2223 702 2273 μιν
730 2196 860 2259 τοῦς
893 2196 1097 2259 λύκους
1128 2200 1186 2259 ἐς
1212 2194 1388 2256 τῶυτό
1417 2195 1685 2305 χωρίον.
1717 2198 1885 2254 Τοῖσι

289 2310 394 2362 μεν
418 2310 515 2343 νυν
538 2284 632 2343 υπ’
660 2283 975 2363 Αἰγυπτίων
1001 2282 1361 2365 λεγομένοισι
1384 2280 1685 2362 χράσθω”
1651 2309 1788 2361 οτεω
1813 2282 1885 2344 τοὶ

288 2374 519 2432 τοιαῦτα
542 2370 802 2431 πιθανά’
776 2396 918 2431 εστι·
962 2372 1085 2448 ἐμοὶ
1111 2370 1172 2429 δε
1197 2395 1352 2447 παρα
1374 2369 1559 2431 πάντα
1582 2369 1682 2431 τόν
1707 2369 1886 2452 λόγον

291 2456 593 2528 υπόκειται,
621 2484 707 2518 οτι
731 2483 803 2519 τα
833 2456 1113 2539 λεγόμενα
1143 2483 1282 2535 υπερ
1309 2483 1556 2518 εκαστων
1583 2456 1726 2537 οἷκοῇ
1749 2456 1884 2539 γρά-
1925 2494 1930 2499 -

233 2551 403 2623 φω.
471 2543 860 2628 αρχηγετεύειν
896 2546 955 2605 δὲ
989 2549 1099 2605 τῶν
1136 2544 1282 2604 κάτω
1317 2544 1614 2625 Αἰγύπτιοι
1647 2545 1886 2627 λέγουσι

294 2633 568 2712 Δήμητρα
609 2634 701 2694 καὶ
741 2631 1035 2695 Διόνυσον.
1107 2635 1319 2710 πρῶτοι
1359 2632 1419 2692 δὲ
1458 2633 1551 2691 καὶ
1590 2631 1748 2693 τόνδε
1775 2633 1886 2694 -τόν

291 2722 469 2803 λόγον
486 2722 787 2805 Αἰγύπτιοί
808 2727 917 2783 εἶσι
944 2725 997 2782 οἶ
1024 2721 1287 2785 εἰπόντες·
1320 2720 1390 2785 ὥς
1416 2719 1708 2799 ἀνθρώπου
1728 2722 1884 2802 ψυχή

292 2810 564 2876 ἀθάνατός
612 2817 759 2884 ἔστι,
792 2816 893 2873 τοῦ
939 2810 1200 2888 σώματος
1244 2810 1304 2870 δε
1351 2809 1790 2887 καταφθίνοντος
1830 2815 1886 2875 ἐς

292 2897 443 2960 αλλο
478 2901 618 2971 ζῶον
654 2901 760 2961 αἰεὶ
793 2899 1085 2983 γινόμενον
1122 2897 1395 2959 ἐσδύεται·
1438 2897 1604 2959 ε’πεοὶν
1639 2898 1700 2958 δὲ
1733 2923 1884 2976 περι-

294 2986 433 3067 ε’λθῃ
474 3014 657 3049 παντα
696 2988 769 3049 τοὶ
812 2991 1055 3068 χερσαῖα
1096 2988 1189 3046 καὶ
1227 2986 1300 3047 τοὶ
1347 2980 1641 3047 θαλασσια
1681 2985 1776 3044 καὶ
1811 2984 1886 3045 τοὶ

292 3076 533 3150 πετεινὰ,
555 3076 708 3153 αυτ-ις
733 3082 788 3140 ἔς
806 3074 1101 3153 α’νθρωπου
1121 3077 1290 3152 σῶμα
1305 3072 1598 3157 γινόμενον
1616 3052 1884 3133 ἐσδύνειν·

291 3163 396 3239 τὴν
438 3165 773 3244 περιήλυσιν
819 3163 880 3223 δὲ
925 3162 1067 3240 αὐτῇ
1109 3162 1369 3243 γίνεσθαι
1415 3166 1476 3222 ἐν
1511 3158 1885 3238 τρισχιλίοισι

298 3248 463 3310 ἕτεσι.
530 3252 705 3333 τούτῳ
728 3255 806 3332 τῷ·
829 3250 983 3332 λόγῳ
1008 3249 1121 3313 εἰσὶ
1151 3249 1208 3311 οἲ
1235 3248 1526 3327 Ἑλλήνων
1550 3244 1882 3326 ἐχρήσαντο,
