2267 3517
339 165 621 231 ιιι-ιιι]
979 166 1304 218 mmmm
1842 166 1930 215 161

335 243 535 307 ὅκόθεν
579 247 767 307 πλέοι·
818 245 962 322 μετὰ
1008 246 1084 315 δὲ,
1131 245 1166 305 ὁ
1213 244 1473 323 Πρωτεύς
1525 244 1723 322 εἰρώτα
1768 243 1938 305 αὖτόν

336 331 533 394 ὁκόθεν
584 332 689 409 τήν
741 333 976 410 Ἑλένην
1028 333 1244 410 λάβοις
1313 333 1677 408 πλανωμένου
1729 332 1790 391 δὲ
1839 334 1943 392 τοῦ

334 418 707 500 Ἀλεξάνδρου
744 427 803 483 ἐν
830 426 909 501 τῷ
938 422 1093 503 λόγῳ
1125 422 1220 480 καὶ
1255 418 1322 480 οὖ
1358 420 1624 500 λέγοντος
1661 417 1766 494 τὴν
1804 417 1941 496 ἀλη-

338 508 515 585 θηΐην,
533 508 783 591 ἤλεγχον
802 512 856 568 οἶ
879 508 1168 590 γενόμενοι
1188 507 1362 568 ἱκέται
1389 506 1742 587 ἐξηγεύμενοι
1761 506 1944 567 πάντα
1999 512 2010 548 ¹

337 595 515 676 λόγον
539 599 640 657 τοῦ
668 596 1023 673 ἀδικήματος·
1066 596 1233 659 τέλος
1258 595 1318 654 δὲ
1343 593 1412 669 δή
1441 600 1554 670 σφι
1578 594 1756 677 λόγον
1779 592 1939 655 τόνδε

342 683 590 760 ἐκφαίνει
634 711 667 745 ο
707 683 984 762 Πρωτεῧς,
1031 684 1216 764 λέγων
1264 680 1351 743 ὅτι
1398 686 1468 718 “
1442 708 1550 763 εγω
1595 686 1644 742 εἰ
1687 682 1768 759 μή
1815 682 1946 761 περὶ

339 775 565 833 πολλοῦ
603 770 853 853 ἤγευμην
903 771 1115 849 μηδένα
1166 770 1358 840 ξείνων
1399 770 1641 843 κτείνειν,
1685 767 1815 829 ὅσοι
1852 768 1946 829 ὕπ’

343 857 556 935 ἀνέμων
599 859 706 936 ἤδη
750 858 1222 937 ἀπολαμφθέντες
1273 856 1454 933 ἦλθον
1495 862 1551 921 ἐς
1600 857 1789 937 χώρην
1840 857 1946 934 τήν

346 945 503 1024 ἐμήν.
528 946 637 1029 ἐγώ
661 972 729 1007 αν
755 973 826 1008 σε
854 946 995 1025 ὑπὲρ
1020 949 1123 1007 τοῦ
1147 945 1484 1021 Ἕλληνος’
1459 944 1748 1021 ετισάμην·
1791 944 1942 1016 ὃς,ω

345 1033 575 1095 κάκιστε
621 1033 847 1113 ἀνδρῶν,
888 1035 1097 1105 ξεινίων
1136 1033 1321 1113 τυχῶν
1362 1032 1524 1113 ἔργον
1569 1032 1946 1093 ἀνοσιώτατον

348 1121 614 1202 ἐργάσαο,
668 1122 824 1201 παρὰ
874 1126 975 1183 τοῦ
1026 1124 1276 1182 σεωυτοῦ
1328 1120 1507 1190 ξείνου
1557 1145 1664 1195 την
1712 1123 1949 1202 γυναῖκα

348 1206 539 1282 ἦλθες·
581 1209 675 1269 καὶ
709 1209 870 1286 μάλα
903 1209 1082 1269 ταῦτά
1112 1234 1202 1270 τοι
1235 1207 1335 1269 οὐκ
1371 1206 1594 1285 ἤρκεσε,
1628 1207 1784 1267 ἀλλά
1820 1207 1947 1268 ἀνα-

348 1320 642 1372 πτερωσας
686 1295 859 1371 αὐτὴν
900 1298 1081 1377 οιχεαι
1133 1297 1275 1377 εχων
1315 1296 1609 1375 ἐκκλέψας·
1679 1296 1772 1355 καὶ
1825 1294 1951 1355 οὐδὲ

350 1382 529 1443 ταῦτά
580 1409 669 1444 τοι
718 1388 902 1461 μοῦνα
943 1384 1168 1462 ἤρκεσε,
1217 1382 1372 1443 ἀλλά
1415 1385 1506 1444 καὶ
1545 1383 1618 1445 τά
1661 1382 1808 1444 οἰκία
1849 1389 1952 1445 τοῦ

352 1471 531 1542 ξείνου
558 1498 819 1550 κεραισας
842 1471 1011 1548 ἥκεις.
1092 1476 1192 1533 νῦν
1225 1471 1316 1543 ὧν,
1345 1471 1532 1548 ἐπειδὴ
1569 1473 1698 1550 περὶ
1727 1476 1952 1533 πολλοῦ

351 1558 567 1642 ἥγημαι
588 1559 671 1637 μή
697 1560 1103 1631 ξεινοκτονέειν,
1126 1562 1364 1641 γυναῖκα
1397 1562 1502 1636 μὲν
1531 1559 1738 1636 ταύτην
1764 1560 1857 1619 καὶ
1881 1586 1954 1620 τα

350 1647 617 1728 χρήματα
644 1646 709 1709 οὔ
739 1659 829 1709 τοι
854 1647 1089 1726 προήσω
1120 1645 1459 1728 ἀπάγεσθαι,
1487 1646 1644 1707 ἀλλὰ
1674 1646 1814 1707 αὐτοὶ
1841 1646 1950 1728 ἐγὼ

351 1740 429 1817 τῷ
467 1736 714 1814 Ἕλληνι
767 1737 925 1816 ξείνῳ
971 1734 1224 1812 φυλάξω,
1263 1740 1318 1800 ἐς
1359 1734 1393 1795 ὃ
1440 1732 1509 1796 ἂν
1561 1734 1726 1799 αὖτός
1779 1735 1955 1797 ἐλθῶν

355 1828 559 1889 ἐκεῖνος
598 1824 996 1907 ἀπαγαγέσθαι
1038 1824 1224 1902 ἐθέλῃ·
1280 1821 1448 1883 αὗτόν
1488 1823 1548 1883 δὲ
1588 1826 1658 1882 σὲ
1698 1824 1790 1882 καὶ
1827 1822 1958 1887 τοῦς

355 1911 494 1977 σούς
519 1912 851 1990 συμπλόους
885 1914 1054 1990 τριῶν
1085 1910 1334 1989 ἡμερέων
1366 1909 1726 1991 προαγορεύω
1765 1915 1826 1969 ἐκ
1855 1914 1957 1986 τῆς

358 2003 497 2075 ἐμῆς
533 2004 639 2081 γῆς
678 2005 735 2064 ἐς
774 1999 961 2076 ἄλλην
1000 1998 1127 2061 τινά
1166 1997 1618 2076 μετορμίζεσθαι·
1667 2000 1718 2057 εἰ
1755 1996 1815 2056 δὲ
1853 1997 1954 2074 μή,

357 2084 457 2145 ἅτε
482 2088 783 2163 πολεμίους
808 2085 1231 2167 περιέψεσθαι.”

438 2171 669 2250 Ἑλένης
697 2175 801 2251 μὲν
825 2173 1032 2251 ταύτην
1056 2172 1247 2245 ἀπιξιν
1272 2171 1429 2252 παρὰ
1457 2172 1694 2251 Πρωτέα
1720 2172 1914 2253 ἔλεγον
1935 2175 2050 2233 116

327 2264 414 2322 ὀἶ
458 2260 595 2337 ἱρέες
636 2262 918 2342 γενέσθαι·
972 2262 1151 2322 δοκέει
1193 2262 1257 2323 δέ
1297 2287 1397 2340 μοι
1440 2262 1532 2321 καὶ
1563 2260 1820 2338 Ὅμηρος
1856 2260 1958 2322 τόν

361 2436 650 2513 ἐποποιΐην
677 2436 951 2516 εὖπρεπ-ἦς
975 2436 1047 2514 ἦν
1070 2464 1149 2517 τῳ
1175 2438 1338 2517 ἑτέρῳ
1362 2442 1546 2515 τῷπερ
1573 2436 1874 2517 ἐχρήσατο,
1898 2441 1953 2503 ἐς

362 2524 397 2585 ὃ
412 2528 616 2602 μετῆκε
632 2523 800 2586 αὐτόν
820 2523 1080 2602 δηλώσας
1101 2524 1172 2590 ὥς
1201 2522 1292 2585 kat
1316 2528 1514 2585 τοῦτον
1541 2526 1832 2585 ἐπίσταιτο
1859 2524 1958 2586 τᾶν

360 2610 557 2693 λόγον.
610 2612 783 2693 δῆλον
818 2614 895 2673 δέ·
939 2612 1081 2673 κατὰ
1114 2612 1226 2695 γοῖρ
1254 2612 1487 2689 ἐποίησε
1523 2616 1582 2673 ἐν
1610 2610 1811 2672 Ἰλιάδι
1843 2612 1960 2693 (καὶ

361 2698 577 2777 οὐδαμῆ
613 2697 765 2779 ἄλλῃ
798 2699 1096 2761 ἀνεπόδισε
1138 2699 1363 2781 ἐωυτόν)
1396 2700 1618 2777 πλάνην
1641 2700 1745 2776 τήν
1767 2699 1960 2771 Ἀλεξ-

362 2786 580 2865 άνδρου,
614 2788 686 2852 ὥς
720 2787 1030 2869 ἀπηνείχθη
1066 2788 1218 2870 ἄγων
1247 2786 1483 2864 Ἑλένην
1513 2793 1587 2866 τῇ
1617 2814 1680 2849 τε
1713 2788 1780 2865 δὴ
1809 2788 1961 2869 ἄλλῃ

362 2874 712 2953 πλαζόμενος
738 2876 830 2936 καὶ
858 2875 928 2940 ὥς
956 2882 1010 2940 ἐς
1037 2876 1252 2941 Σιδῶνα
1276 2880 1377 2952 τῆς
1404 2877 1660 2953 Φοινίκης
1685 2875 1934 2937 ἀπίκετο.

440 2962 848 3041 Ἐπιμέμνηται
900 2965 960 3024 δὲ
1006 2963 1176 3025 αὐτοῦ
1225 2968 1286 3024 ἐν
1329 2962 1641 3041 Διομήδεος
1687 2963 1959 3043 ἀριστείῃ·

364 3051 519 3133 λέγει
546 3050 606 3110 δὲ
630 3050 702 3111 τὰ
729 3052 863 3110 ἔπεα
890 3049 1050 3111 οὕτω·

518 3140 651 3189 Ἔνθ’
685 3142 802 3190 ἔσαν
836 3142 879 3189 οὶ
914 3141 1093 3189 πέπλοι
1126 3140 1456 3200 παμποίκιλοι,
1495 3141 1616 3202 ἔργα.
1647 3138 1882 3201 ’γυναικῶν

524 3214 763 3272 Σιδονίων,
802 3214 889 3261 τὰς
914 3213 1054 3260 αὐτὸς
1081 3212 1397 3272 Ἀλέξανδρος
1431 3212 1635 3268 θεοειδὴς

523 3285 689 3347 ἤγαγε
724 3284 1011 3342 Σιδονίηθεν,
1052 3284 1267 3331 ἐπιπλὼς
1302 3283 1440 3342 εὐρέα
1473 3282 1660 3339 πόντον,

522 3360 613 3418 τὴν
646 3358 751 3407 ὁδὸν
783 3355 844 3417 ἥν
869 3355 1073 3414 Ἑλένην
1106 3370 1200 3416 περ
1232 3354 1478 3412 ἀνήγαγεν
1510 3351 1834 3412 εὐπατέρειαν.

2098 3365 2224 3413 A
