2267 3517
345 139 446 191 220
936 137 1307 188 ἯνοΔοτοτ
1808 135 1941 202 [111.

345 217 439 280 καὶ
474 216 848 294 Πολυκράτεα
882 216 986 278 τὰν
1013 215 1268 287 Αἰάκεος,
1300 215 1363 280 ὃς
1402 215 1541 294 ἔσχε
1583 213 1779 293 Σάμον
1813 221 1945 277 ε’πα·

344 304 574 368 ναστάς·
627 303 721 363 καὶ
762 303 836 364 w?
881 306 987 381 μὲν
1031 306 1228 380 πρῶτα
1271 306 1439 382 τριχῆ
1486 302 1799 378 δασάμενος
1841 302 1945 379 τὴν

343 390 515 454 πόλιν
536 394 692 453 τοῖσι
716 389 1052 468 ἀδελφεοῖσι
1075 390 1467 470 Πανταγνώτῳ
1493 391 1587 450 καὶ
1618 392 1945 454 Συλοσῶντι

347 479 544 557 ἔνειμε·
588 479 733 556 μετὰ
773 478 850 548 δὲ,
875 478 976 538 τᾶν
1013 481 1120 555 μὲν
1160 476 1342 538 αὐτῶν
1381 476 1710 542 ἀποκτείνας
1746 476 1847 539 τόν
1884 478 1945 538 δὲ

343 567 606 644 νεώτερον
632 568 976 630 Συλοσῶντα
1009 566 1284 635 ἐξελάσας
1320 566 1456 645 ἔσχε
1488 570 1683 626 πᾶσαν
1704 565 1811 642 τὴν
1837 565 1945 630 Σά-

344 680 470 734 μον,
489 655 670 734 ἴσχων
687 654 766 724 δὲ,
787 652 1269 731 ξεινηΐην.Ἀμάσι
1294 658 1371 732 τῷ
1392 653 1678 734 Αἰγύπτου
1702 653 1947 730 βασιλέϊ

347 741 708 817 συνεθήκατο,
750 742 984 818 πέμπων
1024 766 1088 801 τε
1128 741 1279 817 δῶρα
1319 741 1412 800 καὶ
1458 739 1751 817 δεκόμενος
1788 739 1947 800 ἄλλα

345 829 476 907 παρ’
501 829 728 890 ἐκείνου.
797 834 856 890 ἐν
880 827 1064 908 χρόνῳ
1100 829 1161 888 δὲ
1192 827 1367 909 ὀλίγῳ
1394 826 1593 888 αὐτίκα
1621 832 1723 888 τοῦ
1755 832 1946 888 Πολυ-

347 917 576 995 κράτεος
604 916 678 977 ταῖ
701 915 1008 998 πρήγματα
1037 916 1255 989 αὔξετο,
1284 916 1379 974 καὶ
1412 914 1484 992 ἤν
1508 915 1816 993 βεβωμένα
1837 913 1949 976 άνά

344 1031 408 1066 τε
443 1005 550 1082 τὴν
586 1004 800 1081 Ἰωνίην
840 1005 934 1063 καὶ
971 1003 1078 1080 τὴν
1115 1002 1304 1079 ἄλλην
1340 1001 1614 1062 Ἐλλάδα·
1662 1002 1798 1064 ὅκου
1833 1003 1946 1085 γὰρ

347 1092 556 1154 ἰθύσειε
609 1091 1017 1172 στρατεύεσθαι
1061 1089 1247 1151 πάντα
1301 1092 1357 1151 οἰ
1407 1089 1611 1170 ε’χῶρεε
1660 1090 1944 1171 εὐτυχέως·

345 1181 542 1258 ἔκτητο
593 1181 654 1240 δὲ
703 1179 1169 1256 πεντηκοντέρους
1217 1204 1282 1239 τε
1334 1177 1533 1239 ἑκατόν
1585 1178 1678 1238 καὶ
1727 1180 1947 1257 χιλίους

343 1269 594 1339 τοξότας.
651 1270 816 1346 ἔφερε
841 1269 900 1328 δὲ
927 1268 1020 1327 καὶ
1043 1266 1150 1348 ἥγε
1176 1266 1404 1336 πάντας,
1425 1265 1711 1343 διακρίνων
1730 1266 1943 1327 οὐδένα·

343 1359 424 1435 τῷ
452 1357 566 1437 γὰρ
606 1358 758 1435 φίλῳ
787 1357 897 1433 ἔφη
927 1356 1252 1434 χαριεῖσθαι
1284 1357 1513 1432 μᾶλλον
1542 1353 1841 1419 άποδιδούς
1873 1355 1947 1415 τὰ

346 1444 525 1519 ἔλαβε
562 1441 601 1519 ἢ
639 1442 822 1522 ἀρχὴν
861 1443 1002 1519 μηδὲ
1041 1441 1263 1518 λαβών.
1332 1442 1548 1520 συχνὰς
1584 1443 1689 1519 μὲν
1728 1441 1799 1519 δὴ
1836 1445 1948 1505 τῶν

349 1529 535 1606 νήσων
561 1529 782 1608 αἷρήκεε
811 1529 1008 1589 πολλὰ
1037 1529 1098 1588 δὲ
1133 1530 1228 1588 καὶ
1258 1531 1364 1605 τῆς
1394 1528 1630 1606 ἠπείρου
1664 1527 1859 1600 ἄστεα,
1888 1533 1947 1590 ἔν

343 1617 408 1677 δὲ
440 1617 512 1694 δὴ
541 1618 634 1676 καὶ
667 1617 957 1694 Λεσβίους
990 1618 1344 1696 πανστρατιῇ
1375 1618 1722 1693 βοηθέοντας
1758 1622 1947 1695 Μιλη·

336 1705 532 1768 σίοισι
555 1705 836 1786 ναυμαχίῃ
862 1705 1148 1783 κρατήσας
1179 1705 1315 1765 εἷλε·
1357 1704 1413 1764 οἳ
1441 1704 1547 1781 τήν
1571 1705 1793 1784 τάφρον
1816 1707 1948 1783 περὶ

254 1793 330 1855 40
345 1792 412 1853 τὸ
435 1795 644 1905 τεῖχος,
645 1793 714 1854 τὸ
742 1798 802 1854 ε’ν
821 1793 994 1873 Σάμῳ
1015 1796 1213 1853 πᾶσαν
1238 1792 1517 1869 δεδεμένοι
1542 1792 1775 1870 ὤρυξαν.
1828 1795 1953 1854 Καί

347 1906 454 1945 κως
486 1880 590 1942 τόν
616 1879 872 1960 Ἀμασιν
907 1880 1181 1960 εὐτυχέων
1211 1880 1470 1962 μεγάλως
1504 1880 1538 1942 ὅ
1574 1882 1948 1959 Πολυκράτης

1133 1966 1274 1990 ns*

347 1967 449 2030 οὐκ
473 1967 760 2042 ἐλάνθανε,
788 1967 945 2030 άλλά
976 1972 1032 2030 οἰ
1059 1995 1197 2030 τουτ
1236 1994 1309 2044 ην
1332 1968 1611 2045 ἐπιμελές·
1650 1973 1853 2048 πολλῷ
1884 1971 1947 2030 δε

345 2057 426 2117 ἔτι
449 2057 688 2122 πλεῦνός
707 2061 763 2118 οἱ
783 2057 1036 2136 εὐτυχίης
1051 2056 1361 2138 γινομένης,
1380 2056 1652 2138 γράψας’
1624 2083 1680 2121 ες
1702 2058 1947 2134 βιβλίον

343 2144 476 2205 τάδε
501 2146 791 2207 ε’πέστειλε
815 2150 874 2209 ἐς
893 2144 1112 2221 Σάμον·
1145 2143 1439 2221 “”Αμασις
1465 2145 1823 2221 Πολυκράτει
1841 2144 1946 2206 ὦδε

345 2232 520 2312 λέγει·
559 2233 664 2309 ήδυ
693 2236 798 2310 μὲν
821 2231 1204 2294 πυνθάνεσθαι
1232 2231 1409 2310 ἄνδρα
1436 2233 1613 2309 φίλον
1638 2232 1732 2291 καὶ
1766 2233 1946 2303 ξεῖνον

349 2345 410 2378 ευ
431 2318 783 2395 πρήσσοντα,
813 2319 938 2396 ἐμοὶ
971 2319 1033 2378 δὲ
1063 2320 1124 2379 αἱ
1154 2319 1257 2381 σαὶ
1289 2319 1537 2400 μεγάλαι
1572 2318 1819 2400 εὐτυχίαι
1844 2320 1947 2382 οὐκ

347 2404 653 2483 ἀρέσκουσι
689 2432 758 2467 το
797 2407 950 2466 θεῖον
989 2407 1341 2486 ἐπισταμένη»
1375 2406 1447 2472 ῶς
1485 2407 1610 2468 ἔστι
1648 2409 1945 2487 φθονερόν·

346 2494 445 2554 καί
463 2518 570 2556 κως
591 2494 1056 2570 βούλομαι-καὶ
1081 2493 1249 2557 αὐτος
1274 2494 1368 2553 καὶ
1391 2499 1503 2557 τῶν
1526 2493 1596 2556 ἂν
1614 2495 1947 2574 κήδωμαι-

345 2580 414 2643 r&
439 2582 544 2658 μέν
567 2581 924 2660 τιέὐττχέειν
947 2584 1060 2642 τῶν
1083 2581 1427 2663 πρηγμάτων
1448 2582 1517 2643 τό
1544 2583 1605 2644 δὲ
1630 2586 1945 2661 προσπταί-

349 2694 443 2740 ειν,
471 2669 719 2740 ε’ναλλοὶξ
739 2669 1034 2747 πρήσσων·
1066 2670 1163 2730 καὶ
1188 2668 1331 2731 οὕτω
1356 2670 1639 2748 διαφέρειν
1656 2673 1755 2733 τὸν
1774 2677 1946 2734 αἰῶνα

345 2755 386 2834 ἢ
425 2756 700 2837 εὐτυχέειν
736 2757 810 2818 τοὶ
853 2757 1068 2819 πάντα·
1112 2757 1310 2819 οὐδένα
1353 2758 1465 2840 γάρ
1505 2785 1583 2820 κω
1624 2759 1779 2842 λόγῳ
1819 2761 1946 2820 οἶδα

347 2843 608 2916 ἀκούσας,
635 2845 794 2910 ὅστις
820 2851 875 2911 ἐς
904 2847 1071 2911 τέλος
1105 2845 1174 2906 οὐ
1210 2850 1388 2910 κακῶς
1417 2847 1748 2924 ε’τελεύτησε
1773 2847 1945 2926 πρόρ-

345 2935 498 3011 ριζος
537 2932 807 3014 εὐτυχέων
843 2934 916 2996 τοὶ
953 2934 1157 2994 πάντα.
1224 2934 1303 2994 σύ
1344 2933 1421 2995 ὧν
1458 2939 1555 2996 νῦν
1596 2937 1722 3013 ἐμοὶ
1759 2935 1945 2998 πειθό-

345 3047 512 3098 μενος
539 3023 783 3099 ποίησον
807 3021 951 3099 πρός
973 3021 1075 3085 τοὶς
1105 3020 1358 3102 εὐτυχίας
1386 3023 1592 3083 τοιάδε·
1634 3025 1947 3101 φροντίσας

344 3134 414 3170 το
455 3109 524 3170 ἂν
564 3135 725 3189 ευρῃς
766 3108 858 3169 ἐόν
895 3133 984 3168 τοι
1022 3110 1298 3170 πλείστου
1340 3109 1496 3180 ἄξιον
1536 3111 1628 3170 καὶ
1666 3111 1751 3170 ἐπ’
1786 3108 1831 3191 ᾧ
1868 3112 1945 3171 σύ

345 3194 676 3276 άπολομένω
725 3195 982 3272 μάλιστα
1033 3196 1139 3271 τὴν
1191 3197 1383 3275 ψυχήν
1439 3197 1727 3278 ἀλγήσεις,
1778 3202 1947 3259 τοῦτο

346 3280 612 3358 ἀπόβαλε
650 3282 792 3342 οὕτω
831 3282 970 3346 ὅκως
1007 3283 1209 3360 μηκέτι
1240 3283 1363 3359 ἥξει
1402 3288 1458 3347 ἐς
1495 3283 1837 3361 ἀνθρώπους·
1874 3285 1947 3362 ἥν
