2267 3517
335 120 401 168 82
949 120 1011 169 Ἦ
1018 120 1308 169 ΡΟΔΟΤΟΤ
1862 121 1932 187 [I.

333 198 599 270 ἅπαντας,
639 197 1037 277 στρατεύονται
1081 198 1159 259 ὦν
1204 197 1289 259 ἐπ’
1331 197 1531 264 αὖτοῦς
1575 204 1737 279 κοινῷ
1781 201 1937 283 λόγῳ

332 287 680 367 χρησάμενοι
693 288 972 363 Τυρσηνοὶ
989 287 1080 346 καὶ
1095 285 1488 367 Καρχηδόνιοι,
1504 288 1670 365 νηυσὶ
1689 287 1937 368 ἑκάτεροι

335 375 618 451 ἐξήκοντα·
664 378 717 434 οἱ
751 375 812 433 δὲ
836 375 1105 437 Φωκαιέες
1131 374 1531 452 πληρώσαντες
1558 376 1648 435 καὶ
1674 375 1834 437 αὐτοὶ
1862 378 1937 439 τὰ

332 466 527 533 πλοῖα,
555 461 717 523 ἐόντα
743 462 981 541 οἷριθμὸν
1007 462 1291 538 ἑξήκοντα,
1320 462 1577 534 ἀντίαζον
1608 469 1664 526 ἐς
1698 463 1764 524 τὸ
1792 466 1936 543 Σαρ-

333 548 516 609 δόνιον
568 549 907 626 καλεόμενον
951 550 1218 627 πέλαγος·
1280 551 1715 632 συμμισγόντων
1760 552 1821 611 δὲ
1862 559 1937 634 τῇ

332 638 629 717 ναυμαχίῃ,
645 638 902 714 Καδμείη
925 663 1009 700 τις
1033 638 1157 713 νίκη
1181 640 1335 697 τοῖσι
1360 642 1672 715 Φωκαιεῦσι
1699 641 1935 721 ἐγένετο·

331 728 392 784 αἱ
425 728 530 803 μὲν
558 725 670 808 γάρ
700 723 1116 803 τεσσεράκοντά
1152 732 1265 801 σφι
1296 728 1422 799 νῆες
1448 723 1849 803 διεφθάρησαν,
1877 732 1937 789 αἱ

333 812 395 871 δὲ
435 814 614 873 εἴκοσι
653 815 712 872 αἱ
750 816 1075 894 περιεοῦσαι
1111 811 1264 888 ἦσαν
1304 812 1605 890 ἄχρηστοι·
1658 812 1939 893 α’πεστρά-

333 905 488 977 φατο
509 901 620 984 γοὶρ
645 900 774 964 τούς
807 900 1110 978 ἐμβόλους·
1154 899 1621 963 καταπλώσαντες
1652 901 1711 961 δὲ
1745 907 1801 965 ἐς
1832 902 1939 979 τήν

327 990 623 1067 Ἀλαλίην,
651 987 936 1065 ἀνέλαβον
966 987 1040 1048 τοὶ
1074 988 1241 1047 τέκνα
1277 987 1370 1047 καὶ
1405 987 1507 1051 ταῖς
1537 991 1817 1069 γυναῖκας,
1844 991 1938 1051 καὶ

327 1078 433 1155 τὴν
459 1078 645 1154 ἄλλην
671 1081 870 1153 κτῆσιν
895 1075 1038 1152 ὅσην
1073 1076 1193 1135 οἷαί
1223 1102 1287 1136 τε
1318 1075 1563 1157 ἐγίνοντο
1590 1078 1649 1135 αἱ
1672 1078 1799 1153 νῆές
1822 1084 1937 1155 σφι
2004 1116 2011 1123 ·

329 1166 501 1247 ἄγειν·
560 1165 654 1224 καὶ
698 1164 886 1225 ἔπειτα
928 1164 1164 1241 οἷφέντες
1206 1164 1311 1240 τὴν
1358 1162 1579 1241 Κύρνον
1626 1164 1829 1227 ἔπλεον
1880 1172 1937 1232 ἐς

241 1255 351 1316 167
371 1254 616 1336 Ῥήγιον.
683 1257 805 1312 Τῶν
838 1253 898 1312 δὲ
930 1252 1373 1329 διαφθαρεισέων
1406 1256 1542 1313 νεῶν
1563 1251 1695 1316 τούς
1716 1251 1933 1331 ἄνδρας,

333 1343 393 1402 οἷ
419 1367 481 1403 τε
508 1339 888 1419 Καρχηδόνιοι
924 1340 1016 1398 καὶ
1047 1342 1102 1399 οἱ
1131 1341 1412 1417 Τυρσηνοὶ
1438 1339 1645 1419 ἔλαχόν
1666 1367 1731 1401 τε
1756 1341 1936 1404 αὐτῶν

329 1432 528 1508 πολλῷ
553 1428 794 1497 πλείους,
817 1426 909 1486 καὶ
931 1426 1161 1491 τούτους
1184 1427 1547 1510 ἐξαγαγόντες
1571 1430 1932 1492 κατέλευσαν.

329 1516 474 1595 μετὰ
499 1517 576 1588 δὲ,
601 1515 1002 1596 Ἀγυλλαίοισι
1026 1513 1213 1575 πάντα
1233 1515 1308 1576 τοὶ
1332 1516 1605 1594 παριόντα
1628 1515 1729 1577 τόν
1750 1524 1934 1597 χῶρον

332 1611 392 1666 ἐν
429 1608 506 1685 τῷ
548 1608 602 1665 οἶ
644 1599 915 1666 Φωκαιέες
961 1604 1431 1668 καταλευσθέντες
1478 1605 1671 1664 ἐκέατο
1722 1606 1934 1687 ἐγίνετο

328 1692 649 1782 διάστροφα
683 1692 776 1751 καὶ
809 1692 1030 1769 ἔμπηρα
1062 1692 1157 1750 καὶ
1187 1690 1606 1769 dra-dammas
1574 1693 1776 1769 ομοίως
1798 1695 1931 1773 πρό-

327 1783 485 1859 βατα
517 1781 608 1839 καὶ
638 1778 912 1861 υποζύγια
947 1780 1040 1839 καὶ
1074 1777 1373 1857 ἄνθρωποι·
1417 1783 1471 1840 οἱ
1506 1780 1566 1839 δὲ
1598 1779 1933 1862 Ἀγυλλαῖοι

327 1874 384 1933 ἐς
435 1867 702 1945 Δελφους
763 1869 1012 1944 ἔπεμπον
1060 1866 1407 1945 βουλόμενοι
1458 1866 1781 1929 ακέσασθαι
1829 1870 1935 1947 τὴν

326 1963 636 2045 ἁμαρτάδα,
677 1962 718 2041 ἦ
757 1963 818 2023 δὲ
858 1962 1047 2039 Πυθίη
1087 1962 1274 2039 σφέας
1315 1963 1577 2023 ἐκέλευσε
1612 1963 1823 2024 ποιέειν
1858 1965 1932 2025 τὰ

327 2055 419 2113 καὶ
444 2057 541 2115 νῦν
577 2056 632 2113 οἱ
655 2051 990 2133 Ἀγυλλαῖοι
1026 2052 1105 2112 ἔτι
1133 2051 1501 2112 ἐπιτελέουσι·
1544 2049 1637 2110 καὶ
1664 2051 1777 2133 γὰρ
1814 2057 1929 2112 ἐνα-

321 2142 549 2223 γίζουσί
561 2146 675 2217 σφι
692 2139 967 2221 μεγάλως,
988 2140 1082 2199 καὶ
1101 2138 1289 2221 ἆγῶνα
1307 2138 1575 2221 γυμνικόν
1592 2140 1685 2198 καὶ
1706 2141 1932 2203 ἶππικόν

326 2233 613 2289 ἐπιστᾶσι.
656 2228 750 2287 καὶ
777 2226 930 2287 οὗτοι
955 2230 1060 2305 μὲν
1083 2233 1196 2288 τῶν
1215 2228 1505 2287 Φωκαιέων
1522 2226 1753 2307 τοιούτῳ
1776 2228 1931 2309 μόρῳ

326 2315 715 2395 διεχρήσαντο·
757 2318 812 2375 οἱ
844 2316 904 2375 δὲ
941 2314 1121 2375 αὐτῶν
1153 2320 1208 2379 ἐς
1237 2314 1305 2375 τὸ
1330 2314 1557 2396 Ῥήγιον
1583 2316 1931 2397 καταφυγόν-

322 2428 428 2473 τες,
472 2404 720 2464 ἐνθεῦτεν
760 2401 1098 2480 ὄρμεῶμενοι
1136 2402 1443 2478 ἐκτήσαντο
1476 2402 1648 2462 πόλιν
1685 2406 1793 2483 γῆς
1828 2408 1932 2481 τῆς

324 2490 627 2569 Οἶνωτρίης
650 2490 874 2567 ταύτην,
909 2490 1031 2566 ἥτις
1063 2494 1163 2551 νῦν
1184 2490 1358 2566 ’Υέλη
1384 2490 1660 2549 καλέεται·
1704 2491 1932 2553 ἔκτισαν

323 2579 385 2639 δὲ
422 2579 645 2657 ταύτην,
686 2578 828 2657 πρὸς
856 2577 1054 2656 ἀνδρός
1078 2577 1534 2654 Ποσειδωνιήτεω
1557 2577 1832 2654 μαθόντες
1858 2578 1931 2644 ὥς

320 2666 421 2727 τόν
447 2666 667 2744 Κυρνον
692 2672 806 2743 σφι
835 2667 873 2743 ἦ
899 2667 1088 2745 Πυθίη
1115 2667 1324 2747 ἔχρησε
1352 2665 1541 2727 κτίσαι
1566 2665 1713 2743 ἥρων
1748 2667 1928 2740 ἐόντα,

321 2752 454 2813 ἀλλ’
481 2751 546 2813 οὗ
571 2778 677 2830 την
701 2758 898 2830 νῆσον

230 2841 346 2901 168
443 2842 694 2918 Φωκαίης
722 2843 828 2918 μέν
861 2868 959 2904 νυν
988 2844 1119 2921 πέρι
1150 2847 1252 2920 τῆς
1283 2846 1343 2903 ἐν
1370 2838 1549 2920 Ἰωνίῃ
1577 2866 1748 2904 ουτως
1772 2842 1929 2921 ἔσχε.

319 2928 698 3007 παραπλήσια
722 2930 782 2988 δὲ
807 2928 1058 2991 τούτοισι
1084 2930 1179 2990 καὶ
1201 2929 1361 3006 Τήῖοι
1388 2931 1679 3007 ἐποίησαν·
1722 2930 1848 2989 ἐπεί
1865 2955 1931 2990 τε

318 3015 432 3099 γάρ
458 3023 653 3094 σφεων
690 3016 809 3076 εἷλε
843 3017 1063 3096 χώματι
1086 3016 1156 3078 τό
1181 3022 1368 3097 τεῖχος
1381 3015 1691 3098 '‘Apu-ayne,
1721 3015 1931 3092 ἐσβάν-

317 3130 409 3169 τες
448 3104 652 3168 πάντες
694 3108 750 3167 ἐς
790 3104 863 3164 τοὶ
901 3108 1078 3163 πλοῖα
1121 3104 1345 3186 οἴχοντο
1387 3105 1654 3167 πλέοντες
1698 3104 1791 3163 ἐπὶ
1826 3107 1932 3179 τῆς

317 3194 599 3273 Θρηϊκίης,
635 3192 729 3255 καὶ
763 3193 1002 3254 ἐνθαῦτα
1045 3192 1272 3252 ἔκτισαν
1308 3191 1480 3253 πόλιν
1498 3192 1786 3270 ’Άβδηρω
1824 3190 1933 3267 τήν

315 3280 586 3358 πρότερος
623 3279 834 3344 τούτων
869 3280 1256 3357 Κλαζομένιος
1284 3280 1560 3357 Τιμήσιος
1586 3279 1800 3348 κτίσας,
1826 3278 1931 3338 οὐκ
