2267 3517
301 160 365 208 58
917 156 1284 207 ‘nvom-1¹01*
1834 156 1905 221 [Ι.

302 238 501 314 ἔτρεφε
523 236 562 313 ἦ
587 236 728 318 γυνῆ
752 240 855 298 τοῦ
878 235 1183 314 βουκόλου,
1208 234 1419 311 οὕνομα
1438 233 1589 295 ἄλλο
1616 234 1715 295 κού
1738 261 1794 297 τι
1814 238 1909 297 καὶ

207 326 324 385 114
342 324 406 384 οὐ
434 328 626 401 Κῦρον
653 325 875 401 θεμένη.
961 324 1077 383 Καὶ
1103 322 1197 384 ὅτε
1224 323 1293 398 δή
1318 321 1389 399 ἦν
1416 322 1673 399 δεκαέτης
1699 322 1731 383 ὅ
1755 328 1905 397 παῖς,

298 417 533 494 πρῆγμα
586 417 641 475 ἐς
687 412 854 473 αὖτόν
905 411 1119 472 τοιόνδε
1164 411 1465 493 γενόμενον
1511 412 1745 489 ἐξέφηνέ
1787 438 1905 489 μιν·

303 502 488 572 ἔπαιζε
516 505 574 560 ἐν
591 506 664 580 τῇ
673 500 841 579 ,κώμῃ
861 500 1034 577 ταύτῃ
1057 504 1116 559 ἐν
1141 504 1213 578 τῇ
1229 498 1378 575 ἦσαν
1406 499 1497 557 καὶ
1524 502 1583 558 αἱ
1606 501 1908 575 βουκολίαι

301 585 480 659 αὗται,
513 589 700 659 ἔπαιζε
736 589 796 648 δὲ
830 588 950 665 μετ’
983 586 1176 647 ἄλλων
1210 586 1421 662 ἡλίκων
1457 592 1514 645 ἐν
1551 586 1677 666 ὁδῷ·
1720 589 1813 647 καὶ
1852 592 1909 650 οἱ
1933 630 1944 640 ·

300 677 493 739 παῖδες
510 678 798 747 παίζοντες
813 677 1031 736 εὒιοντο
1053 679 1263 735 ἑωυτῶν
1281 674 1536 751 βασιλέα
1554 675 1691 734 εἶναι
1708 679 1907 737 τοῦτον

301 763 370 840 δὴ
400 762 500 824 τᾶν
530 768 629 825 τοῦ
665 762 952 841 βουκόλου
989 764 1288 839 ἐπίκλησιν
1324 760 1515 822 παῖδα·
1559 762 1591 822 ὁ
1628 762 1689 822 δὲ
1728 763 1907 825 αὐτῶν

301 852 513 921 διέταξε
543 852 672 915 τούς
701 854 805 930 μὲν
838 853 1011 915 οἰκίας
1038 850 1391 928 οἰκοδομέειν,
1420 850 1549 913 τοῦς
1582 850 1642 910 δὲ
1669 851 1905 929 δορυφό·

299 966 429 1017 ρους
455 939 609 1011 εἶναι,
631 940 728 1001 τὸν
749 940 810 1000 δέ
835 966 932 999 κου
951 939 1076 1000 τινὰ
1102 938 1282 999 αὐτῶν
1302 938 1605 1016 ὀφθαλμὸν
1628 940 1903 1015 βασιλέος

301 1026 456 1099 εἶναι,
483 1032 560 1107 τῷ
585 1028 648 1087 δέ
675 1054 783 1088 τινι
805 1027 906 1091 τὰς
933 1027 1200 1109 ἀγγελίας
1227 1026 1488 1103 ἐσφέρειν
1514 1026 1693 1086 ἐδίδου
1718 1028 1903 1108 γέρας·

301 1114 372 1179 οἷς
409 1114 622 1195 ἑκάστῳ
657 1117 820 1197 ἔργον
850 1113 1253 1193 προστάσσων.
1339 1115 1415 1178 εἷς
1452 1112 1518 1189 δὴ
1553 1113 1763 1174 τούτων
1795 1120 1906 1176 τῶν

298 1203 528 1264 παιδίων
568 1205 910 1280 συμπαίζων,
949 1202 1052 1263 ἐῶν
1085 1201 1504 1280 Ἀρτεμβάρεος
1542 1206 1675 1265 παῖς
1709 1201 1906 1281 ἅνδρδς

303 1292 533 1368 δοκίμου
560 1297 617 1352 ἐν
644 1292 915 1367 Μήδοισι,
944 1290 1008 1351 οὔ
1034 1290 1146 1372 γὰρ
1173 1290 1240 1366 δὴ
1271 1291 1501 1366 ἐποίησε
1525 1289 1593 1350 τό
1618 1316 1905 1371 προσταχ-

300 1380 395 1438 θὲν
421 1384 481 1437 ἐκ
504 1383 604 1437 τοῦ
631 1378 841 1456 Κύρου,
871 1378 1090 1437 ἐκέλευε
1115 1375 1289 1438 αὖτὸν
1313 1376 1443 1439 τούς
1467 1376 1681 1441 ἄλλους
1704 1380 1906 1443 παῖδας

300 1465 615 1541 διαλαβεῖν·
656 1466 996 1542 πειθομένων
1027 1466 1089 1525 δὲ
1119 1470 1231 1525 τῶν
1263 1465 1487 1535 παίδων,
1516 1465 1548 1524 ὁ
1586 1470 1775 1543 Κῦρος
1806 1466 1907 1528 τᾶν

297 1552 472 1613 παῖδα
497 1553 743 1633 τρηχέως
767 1553 942 1630 κάρτα
966 1553 1238 1630 περιέσπε
1262 1554 1600 1633 μαστιγέων·
1635 1554 1668 1614 ὁ
1688 1554 1764 1626 δὲ,
1787 1556 1912 1615 ἐπεί

297 1666 361 1700 τε
390 1641 618 1718 μετείθη
649 1639 912 1719 τάχιστα,
941 1639 1012 1705 ὥς
1041 1666 1110 1722 γε
1146 1638 1214 1717 δὴ
1245 1640 1446 1711 ἀνάξια
1478 1645 1681 1701 ἑωυτοῦ
1713 1642 1906 1703 παθῶν
1932 1673 1939 1683 =

297 1727 524 1805 μᾶλλόν
553 1754 610 1787 τι
647 1730 1023 1806 περιημέκτεε,
1057 1728 1342 1789 κατελθών
1378 1730 1437 1789 δὲ
1474 1733 1529 1792 ἐς
1563 1728 1733 1789 πόλιν
1766 1730 1905 1807 πρός

297 1816 396 1876 τόν
409 1817 624 1893 πατέρα
645 1815 992 1888 ἀποικτίζετο
1010 1821 1120 1877 τῶν
1138 1815 1249 1876 ὗπό
1270 1816 1463 1894 Κύρου
1481 1816 1707 1894 ἤντησε,
1725 1818 1905 1898 λέγων

299 1903 360 1963 δὲ
395 1903 460 1963 οὗ
497 1904 703 1981 Κύρου,
739 1904 834 1983 (ου’
863 1904 974 1986 γάρ
1012 1930 1087 1964 κω
1121 1903 1193 1981 ἦν
1226 1909 1393 1965 τοῦτο
1426 1904 1714 1984 τοῦνομα,)
1752 1904 1908 1966 ἀλλὰ

298 1991 439 2070 πρός
462 1996 564 2052 τοῦ
588 1992 876 2069 βουκόλου
900 1996 1000 2053 τοῦ
1025 1991 1371 2074 Ἀστυάγεος
1395 1992 1609 2055 παιδός·
1642 1992 1674 2052 ὁ
1695 1993 1755 2051 δὲ
1778 1992 1903 2071 Ἀρ-

297 2081 585 2159 τεμβάρης
616 2080 776 2162 ὀργῇ,
804 2079 877 2145 ὥς
912 2080 1044 2160 εἶχε,
1073 2080 1254 2142 ἐλθῶν
1277 2079 1432 2158 παραὶ
1465 2079 1565 2140 τόν
1587 2079 1905 2161 Ἀστυάγεα

299 2170 392 2227 καὶ
417 2167 535 2246 ἅμα
559 2168 831 2250 α’γόμενος
854 2168 954 2235 τὰν
979 2169 1171 2240 παῖδα,
1199 2167 1441 2246 ἀνάρσια
1467 2166 1773 2249 πρήγματα
1794 2170 1904 2246 ἔφη

298 2256 646 2326 πεπονθέναι,
669 2258 868 2338 λέγων·
903 2266 940 2292 “
950 2255 992 2315 ὦ
1016 2259 1285 2334 βασιλεῦ,
1306 2255 1418 2315 ὖπὸ
1442 2260 1545 2315 τοῦ
1570 2260 1679 2317 σοῦ
1700 2255 1905 2317 δούλου

299 2342 584 2427 βουκόλου
609 2343 669 2402 δὲ
693 2344 899 2419 παιδὸς
910 2340 1015 2402 ὦδε
1033 2343 1537 2421 περιϋβρίσμεθα,”
1552 2343 1786 2423 (δεικνῦς
1802 2350 1904 2405 τοῦ

209 2431 323 2489 115
340 2428 539 2491 παιδός
564 2429 692 2492 τούς
719 2428 940 2509 ὤμους.)
1019 2429 1300 2493 Ἀκούσας
1332 2432 1392 2490 δὲ
1423 2432 1516 2489 καὶ
1549 2431 1676 2492 ἶδῶν
1700 2431 1735 2492 ὅ
1768 2430 1904 2493 Ἀσ-

299 2515 521 2597 τυάγης,
543 2517 723 2577 θέλων
739 2521 1058 2595 τιμωρῆσαι
1081 2522 1159 2596 τῷ
1177 2518 1336 2577 παιδὶ
1358 2521 1524 2594 τιμῆς
1546 2523 1648 2594 τῆς
1671 2518 1904 2597 Ἀρτεμ-

298 2604 506 2681 βάρεος
531 2604 727 2677 εἵνεκα,
752 2606 1140 2683 μετεπέμπετο
1163 2604 1262 2666 τόν
1285 2630 1348 2665 τε
1373 2604 1659 2682 βουκόλον
1685 2608 1778 2665 καὶ
1806 2608 1906 2668 τὸν

299 2691 494 2751 παῖδα·
535 2693 660 2752 ἐπεί
683 2718 747 2753 τε
771 2692 832 2752 δὲ
855 2698 1123 2770 παρῆσαν
1150 2692 1477 2771 ἀμφότεροι,
1503 2693 1732 2772 βλέψας
1763 2694 1907 2773 πρὸς

299 2778 399 2839 τόν
430 2784 621 2857 Κῦρον
644 2779 678 2841 ὅ
707 2779 1026 2862 Ἀστυάγης
1059 2781 1189 2857 ἔφη·
1232 2780 1351 2841 “o-13
1379 2780 1448 2856 δή
1475 2780 1577 2841 ἐών
1598 2782 1763 2842 τοῦδε
1793 2807 1908 2842 τοι·

302 2866 465 2927 οὖτου
491 2866 674 2931 ἐόντος
697 2872 844 2939 παῖς,
867 2868 1189 2946 ἐτόλμησας
1211 2867 1311 2930 τόν
1334 2869 1498 2929 τοῦδε
1521 2869 1696 2929 παῖδα
1721 2868 1908 2933 ἐόντος

299 2954 524 3033 πρώτου
561 2955 691 3034 παρ’
725 2956 850 3034 ἐμοὶ
888 2954 1096 3036 ἀεικείῃ
1132 2958 1323 3036 τοιῇδε
1359 2961 1658 3034 περισπεῖν
1676 2957 1733 3028 ;”
1771 2957 1805 3017 ὅ
1845 2957 1906 3017 δὲ

300 3042 570 3121 ἀμείβετο
596 3041 720 3104 ὦδε·
754 3043 840 3103 “ὦ
856 3043 1122 3116 δέσποτα,
1143 3044 1250 3125 ἐγώ
1270 3046 1525 3105 δὲταῦτα
1542 3050 1743 3105 τοῦτον
1758 3046 1903 3103 ἐποί-

300 3158 418 3207 ησα
443 3131 552 3193 σῦν
572 3132 714 3211 δίκῃ·
749 3134 803 3191 οἶ
825 3130 935 3212 γάρ
954 3157 1030 3208 με
1050 3136 1112 3191 ἐκ
1128 3136 1231 3208 τῆς
1250 3133 1436 3210 κώμης
1454 3134 1664 3203 παῖδες,
1682 3135 1794 3192 τῶν
1812 3132 1907 3189 καὶ

301 3218 398 3279 ὅδε
427 3220 514 3297 ἦν,
540 3221 829 3291 παίζοντες
859 3220 1053 3295 σφέων
1080 3218 1261 3281 αὐτῶν
1288 3220 1604 3297 ἐστήσαντο
1630 3218 1905 3296 βασιλέα·

302 3306 519 3368 ἐδόκεον
547 3308 659 3390 γάρ
690 3313 804 3384 σφι
845 3306 982 3367 εἶναι
1023 3311 1078 3370 ἐς
1116 3311 1285 3371 τοῦτο
1322 3306 1769 3383 ἐπιτηδειότατος.
1852 3328 1907 3361 οι
