2267 3517
380 111 655 170 162-165j
959 109 1412 160 MEAHOMENH.
1886 115 1976 165 347

375 188 633 272 [ἀνδρῶν]
656 187 865 270 γενεὰς,
886 189 1031 248 διδοῖ
1046 187 1180 265 ὑμῖν
1197 189 1406 264 Λοξίης
1422 189 1756 265 βασιλεύειν
1778 191 1978 268 Κυρη’-

375 303 495 353 νης·
537 278 714 337 πλέον
738 278 930 354 μέντοι
963 277 1166 336 τούτου
1193 276 1318 336 οὐδὲ
1343 278 1648 355 πειρᾶσθαι
1673 280 1976 356 παραινέει.

376 367 453 425 σύ
494 367 683 442 μέντοι
722 365 939 446 ἥσυχος
979 367 1119 427 εἶναι
1162 367 1445 427 κατελθών
1478 372 1532 430 ἐς
1567 367 1670 442 τήν
1709 373 1978 428 σεωυτοῦ·

375 452 444 529 ἢν
471 455 531 513 δὲ
553 455 657 530 τήν
692 454 924 531 κάμινον
958 454 1116 533 εὕρῃς
1145 457 1327 530 πλέην
1359 455 1675 532 ἀμφορέων,
1704 455 1784 532 μή
1820 457 1978 525 ἐξοπ-

374 542 557 620 τήσῃς
587 541 718 604 τοῦς
752 541 1057 619 ἀμφορέας,
1084 541 1215 602 ἀλλ’
1243 542 1541 620 ἀπόπεμπε
1567 542 1684 602 κατ’
1712 542 1894 619 οὖρον·
1933 548 1980 602 εἰ

378 632 437 690 δὲ
459 631 785 706 ἐξοτη-ήσεις
810 631 914 705 τήν
936 630 1183 707 κάμινον,
1205 631 1286 707 μή
1315 632 1554 709 ἐσέλθῃς
1575 636 1629 694 ἐς
1647 631 1751 706 τὴν
1770 630 1981 709 α’μφίρ-

376 746 566 796 ρυτον·
610 725 659 779 εἰ
693 720 753 779 δὲ
786 718 885 795 μὴ,
911 719 1220 779 ἀποθανέαι
1257 719 1350 778 καὶ
1387 717 1553 782 αὕτός
1588 719 1682 777 καὶ
1710 723 1911 797 ταῦρος
1947 718 1980 778 ὅ

379 807 783 867 καλλιστεύων.
781 805 813 825 ”
896 811 1085 866 Ταῦτα
1120 806 1158 882 ἦ
1193 807 1380 882 Πυθιη
1420 805 1760 884 Ἀρκεσίλεῳ
1799 811 1936 886 xp&-
1960 807 2074 866 164

378 894 411 954 ὁ
440 895 499 953 δε
525 893 877 972 παραλαβων
907 893 1038 957 τούς
1073 899 1133 953 ἐκ
1170 898 1274 970 τῆς
1300 893 1494 971 Σάμου
1523 894 1822 969 κατῆλθε’
1797 920 1851 957 ες
1876 893 1980 968 τὴν

380 983 669 1059 Κυρήνην·
740 982 833 1041 καὶ
879 981 1256 1058 ἐπικρατήσας
1302 985 1412 1041 τῶν
1469 980 1826 1089 πρηγμάτων,
1880 984 1982 1040 τοῦ

378 1071 649 1148 μαντηίου
672 1068 771 1129 οὗκ
801 1070 1077 1146 ἐμέμνητο
1104 1069 1261 1127 ἄλλα
1287 1068 1441 1148 δίκας
1465 1094 1594 1130 τους
1615 1066 1979 1127 ἀντιστασιώ-

379 1182 480 1220 τας
526 1156 671 1216 αἴτεε
718 1161 819 1232 τῆς
866 1160 1068 1216 ἑωυτοῦ
1116 1159 1321 1236 φυγῆς.
1402 1159 1513 1216 τῶν
1559 1155 1618 1214 δὲ
1665 1158 1718 1214 οἱ
1763 1157 1867 1232 μὲν
1912 1155 1979 1214 τὰ

381 1242 647 1320 παράπαν
676 1249 736 1302 ἐκ
760 1247 861 1320 τῆς
884 1242 1069 1322 χώρης
1094 1243 1575 1320 ἀπαλλάσσοντο,
1589 1243 1719 1306 τούς
1745 1243 1807 1302 δέ
1827 1267 1980 1306 τινας

382 1330 795 1409 χειρωσάμενος
834 1329 866 1390 ὅ
906 1330 1277 1408 Ἀρκεσίλεως
1315 1335 1369 1394 ἐς
1410 1331 1644 1408 Κύπρον
1681 1330 1982 1390 ἀπέστειλε

384 1419 475 1478 ἐπὶ
492 1419 799 1497 διαφθορῇ·
823 1417 1053 1481 τούτους
1072 1419 1178 1495 μέν
1203 1445 1300 1479 νυν
1320 1419 1538 1479 Κνίδιοι
1559 1418 1982 1498 ἀπενειχθέντας

382 1506 523 1584 πρός
562 1504 668 1582 τὴν
709 1507 995 1583 σφετέρην
1033 1506 1357 1584 ἐρρύσαντο,
1405 1507 1498 1566 καὶ
1537 1510 1591 1570 ἐς
1627 1507 1817 1584 Θήρην
1849 1505 1981 1565 εἰπέ-

384 1598 634 1654 στειλαν.
694 1594 909 1672 ἑτέρους
936 1594 999 1652 δέ
1020 1620 1173 1659 τινας
1196 1597 1308 1654 τῶν
1335 1596 1662 1672 Κυρηναίων
1690 1600 1744 1659 ἐς
1771 1594 1984 1674 πύργον

387 1683 561 1763 αέγαν
599 1681 977 1763 Ἀγλωμάχου
1030 1682 1457 1762 καταφυγόντας
1505 1682 1790 1756 ἰδιωτικόν,
1841 1681 1984 1756 ὕλην

387 1770 690 1847 περινήσας
730 1769 762 1829 ὁ
802 1769 1172 1845 Ἀρκεσίλεως
1213 1769 1504 1844 ἐνέπρησε.
1573 1769 1765 1845 μαθῶν
1803 1770 1862 1828 δὲ
1898 1768 1982 1826 ἐπ’

386 1856 845 1938 ἐξεργασμένοισι
894 1855 961 1913 τό
1006 1853 1278 1930 μαντήϊον
1323 1853 1414 1913 ἐόν
1453 1859 1638 1924 τοῦτο,
1682 1855 1767 1914 ὅτι
1812 1880 1908 1931 μιν
1961 1855 1999 1929 ἦ

392 1945 575 2017 Πυθίη
614 1940 711 2000 οὐκ
740 1941 803 1998 ἔα
831 1939 1061 2017 εὖρόντα
1093 1945 1153 1998 ἐν
1184 1941 1256 2018 τῇ
1290 1940 1498 2017 καμίνῳ
1535 1941 1663 2003 τούς
1694 1940 1984 2016 ἀμφορέας

388 2029 713 2102 ἐξοπτῆσαι,
741 2028 931 2108 ἔργετο
974 2025 1108 2085 ἔκών
1132 2030 1234 2102 τῆς
1258 2031 1368 2086 τῶν
1402 2028 1728 2103 Κυρηναίων
1765 2026 1979 2100 πόλιος,

388 2116 675 2192 δειμαίνων
725 2140 789 2174 τε
833 2113 933 2175 τᾶν
975 2114 1316 2192 κεχρημένον
1358 2112 1598 2174 θάνατον
1645 2114 1736 2172 καὶ
1784 2114 1984 2173 δοκέων

388 2203 739 2281 ἀμφίρρυτον
778 2203 883 2279 τὴν
929 2201 1192 2278 Κυρήνην
1246 2201 1409 2264 εἶναι·
1479 2202 1595 2280 εἶχε
1642 2202 1702 2261 δὲ
1752 2205 1984 2282 γυναῖκα

389 2292 665 2373 συγγενέα
707 2294 925 2362 ἑωυτοῦ,
976 2289 1254 2370 θυγατέρα
1294 2282 1357 2349 δὲ
1402 2293 1504 2349 τοῦ
1543 2293 1654 2350 τῶν
1694 2290 1984 2364 Βαρκαίων

388 2381 665 2454 βασιλέος
689 2383 766 2456 τῷ
794 2377 1004 2456 οὕνομα
1028 2377 1099 2452 ἦν
1122 2376 1356 2454 Ἀλαζίρ
1374 2403 1387 2417 ·
1428 2377 1581 2453 παρὰ
1605 2381 1806 2437 τοῦτον
1840 2375 2000 2436 ἀπικ-

390 2468 591 2526 νέεται·
662 2468 759 2526 καί
805 2492 903 2543 μιν
954 2465 1233 2542 Βαρκαῖοί
1277 2490 1342 2525 τε
1394 2463 1587 2542 ἄνδρες
1641 2465 1735 2525 καὶ
1767 2469 1878 2524 τῶν
1924 2469 1984 2522 ἐκ

391 2553 651 2632 Κυρήνης
685 2553 947 2635 φυγάδων
980 2554 1123 2617 τινὲς
1167 2550 1579 2629 καταμαθόντες
1619 2551 1982 2634 ἀγοράζοντα,

392 2643 691 2702 κτείνουσι·
724 2641 866 2720 πρὸς
884 2641 943 2700 δὲ
968 2640 1059 2699 καὶ
1074 2640 1177 2700 τᾶν
1201 2639 1471 2717 πενθερόν
1497 2639 1666 2700 αὐτοῦ
1689 2639 1986 2716 Ἀλαζῖρα.

388 2727 760 2806 Ἀρκεσίλεως
788 2729 892 2806 μέν
922 2753 1035 2797 νυν,
1064 2729 1173 2788 εἴτε
1210 2727 1344 2788 ἑκών
1381 2729 1488 2787 εἴτε
1525 2726 1685 2797 ἄκων,
1724 2726 1986 2804 ἅμαρτῶν

388 2820 489 2875 τοῦ
515 2820 779 2894 χρησμοῦ
808 2816 1084 2892 ἐξέπλησε
1107 2818 1312 2892 μοῖραν
1335 2815 1439 2890 τὴν
1467 2818 1687 2874 ἑωυτοῦ.

469 2903 543 2963 ‘H
573 2904 632 2964 δὲ
646 2903 832 2982 μήτηρ
851 2903 1140 2980 Φερετίμη,
1162 2903 1295 2967 τέως
1315 2905 1418 2978 μὲν
1443 2901 1474 2962 ὁ
1500 2901 1870 2979 Ἀρκεσίλεως
1891 2904 1947 2958 ἐν
1967 2901 2081 2958 165

388 2995 461 3069 τῇ
488 2991 681 3070 Βάρκῃ
713 2985 961 3052 διαιτᾶτο
994 2990 1398 3070 ἐξεργασμένος
1434 2992 1610 3065 ἑωυτῷ
1643 2985 1828 3055 κακόν,
1856 2985 1894 3062 ἦ
1929 2985 1988 3044 δὲ

390 3079 508 3157 εἶχε
536 3079 675 3155 αὐτή
698 3081 799 3138 τοῦ
820 3077 1017 3140 παιδὸς
1039 3076 1112 3152 ταῖ
1139 3078 1306 3158 γέρεα
1334 3083 1392 3136 ἐν
1419 3075 1666 3153 Κυρήνῃ,
1687 3075 1778 3133 καὶ
1797 3072 1987 3133 τᾶλλα

389 3168 664 3243 νεμομένη
692 3166 783 3226 καὶ
809 3170 867 3226 ἐν
892 3167 1083 3244 βουλῇ
1108 3165 1454 3242 παρίζουσα·
1497 3163 1621 3222 ἐπεί
1640 3187 1703 3223 τε
1731 3162 1790 3220 δὲ
1818 3161 1988 3238 ἔμαθε

390 3259 449 3314 ἐν
486 3259 559 3335 τῇ
600 3254 794 3336 Βάρκῃ
834 3251 1191 3314 α’ποθανόντα
1231 3255 1285 3312 οἶ
1321 3251 1422 3312 τόν
1459 3250 1652 3322 παῖδα,
1693 3248 1988 3331 φεύγουσα
2086 3285 2178 3301 4—
