2267 3517
309 113 1272 170 288⁰HPOAO'1'OT
1777 117 1902 182 [IV-

214 195 286 252 21
389 192 597 254 Τοῖναῖν
620 195 681 255 δὲ
704 221 958 273 ποταμον
984 193 1244 271 διαβάντι
1269 193 1454 256 ουκέτι
1481 195 1743 272 Σκυθικη,
1770 195 1906 256 ἀλλ’

307 282 346 358 ἦ
375 285 480 358 μὲν
512 283 705 359 πρώτη
743 288 852 344 τῶν
884 284 1090 354 λαξίων
1126 285 1528 360 Σαυροματέων
1559 285 1702 343 ἐστί·
1749 284 1804 344 οἳ
1842 291 1906 346 ἐκ

306 373 411 429 τοῦ
433 374 617 448 μυχοῦ
643 369 941 447 ἀρξάμενοι
958 375 1058 446 τῆς
1073 370 1383 446 Μαιήτιδος
1406 372 1623 447 λίμνης,
1646 371 1906 448 νέμονται

308 457 375 516 τὸ
409 455 551 532 πρὸς
578 457 764 533 βορῆν
802 456 1007 534 ἄνεμον
1043 459 1292 534 ἡμερέων
1322 457 1714 518 πεντεκαίδεκα
1755 458 1904 532 ὁδόν,

306 548 499 603 πᾶσαν
552 547 758 604 ἐοῦσαν
797 545 973 622 ψιλὴν
1013 547 1106 604 καὶ
1154 545 1358 626 οἷγρίων
1399 545 1492 605 καὶ
1529 544 1748 623 ἡμέρων
1789 547 1904 608 δεν-

308 631 495 707 δρέων·
574 630 961 708 ύπεροικέουσι
1029 633 1088 692 δὲ
1149 631 1359 693 τούτων
1421 633 1679 709 δευτέρην
1742 634 1906 704 λάξιν

310 719 527 797 ἔχοντες
571 720 842 790 Βουδῖνοι,
868 725 979 801 γῆν
1008 719 1302 797 νεμόμενοι
1331 724 1526 780 πᾶσαν
1557 721 1766 797 δασέην
1793 721 1905 803 ὕλῃ

214 807 291 865 22
313 808 568 886 παντοίῃ·
610 809 885 868 Βουδίνων
925 809 988 866 δὲ
1024 807 1332 884 κατύπερθε
1371 808 1512 886 πρὸς
1549 810 1811 886 βορῆν,”
1781 835 1906 870 εστι

314 894 503 972 πρώτη
535 897 637 973 μὲν
672 901 876 973 ε’ρῆμος
916 895 1000 954 ἐπ’
1026 895 1274 973 ἡμερέων
1312 896 1452 956 ἑπτα
1493 895 1642 967 ὁδόν,
1669 922 1812 973 μετα
1844 898 1905 957 δὲ

306 983 412 1058 τήν
464 988 685 1061 ἐρῆμον,
725 980 1083 1043 ἀποκλίνοντι
1120 986 1350 1060 μᾶλλον
1387 983 1529 1061 πρός
1581 982 1904 1062 απηλιώτην

309 1070 528 1148 ἄνεμον,
580 1072 839 1149 νέμονται
888 1072 1270 1151 Θυσσαγέται,
1325 1072 1479 1134 ἔθνος
1535 1072 1758 1132 πολλον
1812 1075 1906 1132 καὶ

308 1157 467 1220 ἴδιον·
507 1158 712 1230 ζώουσι
744 1161 803 1220 δὲ
842 1159 955 1230 ‹in-<3
996 1158 1188 1236 θήρης.
1269 1160 1527 1238 συνεχέες
1562 1160 1622 1220 δὲ
1651 1160 1905 1222 τούτοισι

310 1250 369 1306 ἐν
406 1251 559 1306 τοῖσι
612 1247 833 1308 αύτοῖσι
882 1247 1111 1308 τόποισι
1153 1248 1540 1322 κατοικημένοι
1591 1248 1703 1307 εἰσὶ
1751 1253 1906 1310 τοῖσι

312 1333 522 1412 οὔνομα
559 1338 734 1396 κείται
758 1336 983 1414 Ἰῦρκαι,
1013 1337 1104 1396 καὶ
1142 1333 1295 1394 οὗτοι
1333 1333 1447 1394 οἶπό
1479 1335 1652 1412 θήρης
1678 1336 1905 1407 ζώοντες

307 1421 497 1501 τρόπῳ
534 1424 743 1501 τοιῷδε·
784 1426 935 1503 λοχᾷ
976 1424 1069 1482 ἐπὶ
1121 1422 1372 1498 δένδρεον
1415 1421 1651 1498 α’ναβάς·
1707 1423 1803 1502 (vd
1843 1424 1906 1484 δέ

310 1513 435 1566 ἐστι
460 1509 640 1568 πυκνοὶ
665 1509 771 1570 σῖνοὶ
796 1514 991 1570 πᾶσαν
1014 1509 1119 1585 τὴν
1143 1510 1374 1589 χώρην·)
1405 1511 1572 1572 ἵππος
1591 1509 1652 1568 δὲ
1670 1510 1904 1590 ἑκάστῳ,

310 1595 695 1676 δεδιδαγμένος
762 1597 855 1656 ε’πὶ
917 1599 1173 1678 γαστέρα
1225 1598 1448 1658 κεῖσθαι
1510 1598 1904 1674 ταπεινότητος

312 1682 507 1754 εἵνεκα,
550 1684 766 1761 ἔτοῖμός
806 1689 945 1755 ἐστι,
987 1686 1081 1744 καὶ
1120 1683 1278 1743 κύων·
1337 1683 1504 1745 ἐπεσῖν
1539 1683 1600 1742 δὲ
1635 1684 1805 1764 ἀπίδῃ
1835 1685 1904 1746 τὸ

311 1770 505 1846 θηρίον
544 1770 657 1832 σῖπὸ
695 1776 795 1832 τοῦ
837 1773 1104 1850 δενδρέου,
1131 1771 1403 1841 τοξεύσας
1442 1770 1535 1830 καὶ
1577 1773 1780 1849 ε’πιβοὶς
1810 1774 1904 1833 ἐπὶ

310 1859 409 1917 τὸν
441 1859 611 1921 ἵππον
652 1861 847 1931 διώκει,
878 1862 971 1920 καὶ
1004 1861 1036 1921 ὁ
1068 1859 1209 1921 κύων
1249 1861 1448 1939 ἔχεται.
1531 1859 1672 1937 ὑπὲρ
1697 1861 1757 1919 δὲ
1780 1860 1906 1920 τού-

308 1971 431 2018 των,
468 1947 535 2008 va
574 1949 715 2026 πρός
748 1949 850 2026 τήν
883 1949 966 2024 ήῶ
1005 1947 1364 2008 ἀποκλίνοντι
1404 1948 1649 2007 οἰκέουσι
1690 1947 1904 2012 Σκύθαι

310 2035 497 2108 ἄλλοι,
524 2036 639 2098 ἅπό
664 2043 773 2098 τῶν
798 2037 1121 2114 βασιληίων
1148 2036 1403 2099 Σκυθέων
1436 2034 1783 2100 ἀποστάντες
1809 2037 1902 2095 καὶ

315 2123 455 2183 οὕτω
482 2124 807 2202 ἀπικόμενοι
834 2129 890 2188 ἐς
914 2129 1115 2185 τοῦτον
1141 2124 1242 2184 τὸν
1265 2128 1469 2202 χῶρον.

213 2213 291 2272 23
388 2213 577 2291 Μέχρι
616 2217 719 2288 μὲν
760 2212 826 2287 δὴ
867 2211 1216 2287 τῆςτούτων
1254 2214 1365 2270 τῶν
1406 2208 1662 2274 Σκυθέων
1698 2210 1932 2290 χώρης,’

306 2300 431 2358 ἔστι
460 2300 497 2374 ἦ
537 2302 951 2377 καταλεχθεῖσα
984 2303 1149 2358 πᾶσα
1183 2297 1374 2361 πεδιάς
1408 2323 1471 2356 τε
1499 2302 1577 2378 γῆ
1604 2299 1697 2357 καὶ
1721 2298 1902 2375 βαθύ·

305 2410 452 2464 γεος·
492 2386 559 2446 τό
592 2386 636 2444 δ’
665 2386 778 2446 «ivd
809 2386 1025 2456 τούτου,
1052 2385 1292 2461 λιθώδης
1321 2385 1368 2445 τ’
1398 2387 1521 2446 ε’στὶ
1554 2387 1646 2444 καὶ
1670 2387 1901 2465 τρηχέη.

306 2471 643 2540 διεξελθόντι
670 2473 728 2532 δὲ
754 2475 847 2533 καὶ
871 2479 971 2548 τῆς
1010 2475 1247 2550 τρηχέης
1280 2476 1464 2551 χῶρον
1497 2473 1736 2544 πολλόν,
1764 2476 1902 2534 οἰκέ-

307 2585 438 2618 ουσι
472 2559 724 2638 ὖπώρεαν
764 2561 966 2638 οὐρέων
1010 2561 1246 2638 ὑψηλῶν
1285 2559 1566 2638 ἅνθρωποι
1606 2559 1903 2642 λεγόμενοι

308 2647 447 2705 εἶναι
498 2647 698 2712 πάντες
750 2650 1035 2725 φαλακροὶ
1091 2653 1152 2707 ἐκ
1203 2652 1396 2729 γενεῆς
1445 2647 1743 2728 γινόμενοι,
1809 2650 1902 2708 καὶ

306 2735 521 2810 ἔρσενες
572 2737 665 2795 καὶ
713 2736 913 2812 θήλεαι
958 2736 1177 2814 ὁμοίως,
1225 2735 1319 2795 καὶ
1369 2736 1530 2811 σιμοὶ
1579 2737 1671 2795 καὶ
1713 2736 1902 2817 γένεια

304 2824 520 2900 ἔχοντες
570 2825 809 2904 μεγάλα,
852 2825 1045 2902 φωνὴν
1083 2825 1144 2884 δὲ
1197 2824 1340 2899 ἰδίην
1393 2825 1561 2886 ἱέντες
1601 2824 1801 2899 ε’σθῆτι
1841 2824 1903 2882 δὲ

303 2910 605 2988 χρεώμενοι
646 2913 906 2991 Σκυθικῇ,
952 2913 1148 2983 ζῶντες
1189 2911 1249 2970 δὲ
1290 2909 1402 2969 dard
1447 2911 1725 2987 δενδρέων·
1767 2936 1899 2971 πον-

301 2999 456 3058 τικὸν
479 3002 582 3076 μὲν
608 2999 817 3075 οὕνομα,
840 3005 918 3076 τῷ
944 2999 1174 3076 δενδρέῳ
1201 2997 1313 3057 ἅπὸ
1343 3001 1444 3057 τοῦ
1471 2998 1626 3068 ζῶσι,
1653 2999 1901 3078 μέγαθος

303 3084 363 3143 δὲ
404 3086 544 3146 κατὰ
600 3089 805 3162 συκέην
856 3086 1114 3162 μάλιστά
1170 3111 1256 3161 κη·
1327 3084 1540 3160 καρπὸν
1592 3084 1651 3142 δὲ
1705 3087 1900 3161 φορέει

306 3170 490 3251 κυάμῳ
531 3175 675 3243 ἴσον,
718 3179 936 3250 πυρῆνα
976 3173 1035 3230 δὲ
1076 3173 1208 3251 ἔχει·
1256 3175 1421 3231 τοῦτο
1463 3170 1631 3230 ε’πεάν
1669 3173 1899 3250 γένηται

301 3260 497 3328 πέπον,
537 3263 843 3320 σακκέουσι
886 3259 1175 3336 ἱματίοισι·
1217 3257 1477 3334 ἀπορρέει
1509 3255 1555 3316 δ’
1588 3255 1683 3314 ἀπ’
1723 3255 1898 3317 nimi?
