2267 3517
380 85 595 146 37—40]
1050 85 1376 136 ΕΤΤΕΡΠΗ.
1877 84 1974 136 127

380 166 714 247 τεταγμένος
747 170 859 227 τῶν
897 190 983 231 τις
1026 166 1200 244 ἱρέων,
1237 164 1331 225 καὶ
1371 162 1543 241 ὀρθοῦ
1575 164 1842 227 ἑστεῶτος
1874 166 1977 223 τοῦ

382 254 607 329 κτήνεος
642 253 736 313 καὶ
770 253 985 323 ὑπτίου,
1020 252 1113 312 καὶ
1149 251 1254 328 τὴν
1286 254 1566 334 γλῶσσαν
1601 248 1901 327 ἐξειρύσας,
1930 251 1978 310 εἰ

383 340 599 418 καθαρὴ
624 344 736 401 τῶν
771 341 1144 419 προκειμένων
1180 339 1451 416 σημηίων,
1477 336 1550 398 τὰ
1587 336 1695 419 ἐγὼ
1727 342 1786 397 ἐν
1817 335 1978 415 ἄλλῳ

382 427 535 509 λόγῳ
566 429 715 506 ἐρέω·
760 431 970 509 κατορᾷ
1002 428 1061 487 δὲ
1098 427 1193 487 καὶ
1223 426 1325 491 τὰς
1357 427 1554 505 τρίχας
1585 429 1688 501 τῆς
1718 423 1900 502 οὖρῆς,
1930 427 1979 483 εἰ

383 516 524 576 κατὰ
549 516 727 593 φύσιν
760 517 875 595 ἔχει
903 515 1232 591 πεφυκυίας·
1271 512 1343 591 ἣν
1373 513 1434 573 δὲ
1463 510 1671 573 τούτων
1694 511 1915 573 πάντων
1939 509 1979 591 ᾖ

382 604 638 681 καθαρὸς,
660 604 997 681 σημαίνεται
1018 602 1232 681 βύβλῳ
1251 600 1380 679 περὶ
1406 600 1476 661 τοὶ
1504 601 1664 678 κέρεα
1691 600 1977 661 εἷλίσσων·

382 691 475 749 καὶ
522 692 711 751 ἔπειτα
751 693 862 773 γῆν
902 690 1254 768 σημαντρίδα
1295 688 1630 759 ἐπιπλάσας,
1675 685 1980 764 ἐπιβάλλει

381 776 481 839 τόν
512 778 827 839 δακτύλιον·
870 778 965 837 καὶ
1004 776 1146 838 οὕτω
1183 776 1488 860 ἀπάγουσι.
1554 774 1881 853 ἀσήμαντον
1921 774 1981 834 δὲ

383 865 617 927 θύσαντι
668 864 904 931 θάνατος
945 866 984 943 ἦ
1031 866 1202 944 ζημίη
1255 865 1546 925 ἐπικέεται.
1628 862 1979 940 δοκιμάζεται

380 954 485 1030 μέν
509 981 606 1015 νυν
630 953 696 1015 τό
730 959 929 1031 κτῆνος
952 952 1141 1033 τρόπῳ
1166 952 1376 1033 τοιῷδε.
1444 952 1628 1029 Θυσίη
1655 951 1717 1010 δέ
1744 957 1857 1027 σφι
1881 949 1980 1026 ἥδε

384 1042 708 1117 κατέστηκε·
741 1041 1045 1124 ἀγαγόντες
1069 1039 1138 1102 τὰ
1165 1040 1604 1119 σεσημασμένον
1625 1043 1821 1115 κτῆνος
1839 1037 1979 1115 πρός
1997 1039 2074 1100 39

382 1127 482 1187 τόν
505 1127 721 1205 βωμὸν,
749 1128 881 1189 ὅκου
908 1127 976 1190 ἂν
1002 1128 1196 1200 θύωσι,
1223 1127 1405 1206 πυρὴν
1431 1127 1670 1187 καίουσι·
1704 1128 1892 1185 ἔπειτα
1919 1126 1979 1185 δὲ

386 1214 471 1273 ἐπ’
497 1215 665 1275 αὐτοῦ
701 1216 849 1277 οἶνον
883 1216 1025 1279 κατὰ
1057 1222 1160 1279 τοῦ
1194 1217 1371 1295 ἱρηίου
1408 1215 1850 1284 ἐπισπείσαντες,
1887 1214 1981 1273 καὶ

385 1304 817 1369 ἐπικαλέσαντες
852 1305 953 1366 τόν
992 1305 1140 1377 θεὰν,
1182 1304 1490 1381 σφάζουσι·
1545 1301 1863 1380 σφάξαντες
1903 1302 1979 1372 δὲ,

384 1390 774 1469 ἀποτάμνουσι
798 1392 900 1469 τήν
921 1392 1198 1470 κεφαλήν·
1227 1397 1394 1471 σῶμα
1418 1394 1524 1469 μὲν
1543 1389 1611 1467 δὴ
1637 1394 1738 1451 τοῦ
1759 1388 1982 1466 κτήνεος

384 1478 648 1556 δείρουσι·
704 1484 927 1560 κεφαλῇ
973 1481 1032 1540 δὲ
1080 1482 1230 1559 κείνῃ
1274 1480 1470 1540 πολλὰ
1515 1477 1980 1557 καταρησάμενοι,

383 1567 641 1645 φέρουσι·
680 1572 835 1629 τοῖσι
858 1570 963 1645 μὲν
999 1566 1067 1628 ἂν
1096 1567 1137 1647 ᾖ
1163 1566 1342 1649 σῖγορή
1370 1568 1463 1627 καὶ
1486 1566 1766 1643 Ἕλληνές
1801 1572 1978 1642 σφισι

384 1655 515 1714 ἔωσι
534 1654 815 1734 ἐπιδήμιοι
841 1658 1091 1734 ἔμποροι,
1114 1658 1169 1716 οἱ
1195 1656 1254 1715 δὲ
1273 1656 1540 1732 φέροντες
1565 1660 1619 1719 ἐς
1643 1654 1747 1730 τὴν
1767 1653 1981 1736 ἆγορήν

382 1739 477 1801 ἀπ’
503 1742 577 1804 ὦν
603 1744 809 1805 ἔδοντο·
848 1747 1003 1804 τοῖσι
1035 1744 1095 1803 δὲ
1126 1742 1197 1804 ἂν
1220 1742 1302 1821 μή
1329 1744 1580 1822 παρέωσι
1602 1740 1898 1817 Ἕλληνες,
1927 1744 1983 1802 οἶ

384 1829 430 1889 δ’
458 1830 813 1908 ἐκβάλλουσι
839 1836 894 1895 ἐς
922 1830 1023 1892 τόν
1048 1829 1324 1909 ποταμόν·
1367 1832 1725 1908 καταρέονται
1759 1830 1817 1889 δὲ
1848 1830 1984 1891 τάδε

382 1918 642 1998 λέγοντες
684 1923 825 1998 τῇσι
870 1923 1179 1998 κεφαλῇσι·
1235 1929 1270 1955 “
1288 1920 1339 1979 εἶ
1374 1944 1432 1979 τι
1476 1919 1684 1995 μέλλοι
1723 1915 1762 1992 ἣ
1804 1918 1983 1993 σφίσι

384 2008 539 2065 τοῖσι
574 2006 773 2067 θύουσι
802 2004 841 2083 ἦ
873 2007 1138 2088 Αἰγύπτῳ
1168 2010 1241 2087 τῇ
1279 2004 1579 2085 συναπάσῃ
1621 2003 1792 2064 κακὰν
1830 2004 1980 2084 γενέ-

386 2092 541 2161 σθαι,
570 2097 627 2173 ἐς
653 2092 910 2169 κεφαλήν
934 2093 1142 2171 ταύτην
1165 2091 1531 2173 τραπέσθαι.”
1593 2090 1732 2152 κατὰ
1757 2092 1862 2167 μέν
1887 2118 1983 2152 νυν

384 2177 484 2242 τοῖς
526 2180 780 2255 κεφαλας
824 2184 933 2241 τῶν
974 2182 1253 2260 θυομένων
1301 2182 1537 2259 κτηνέων
1576 2181 1669 2241 καὶ
1719 2178 1824 2256 τήν
1865 2181 1980 2239 ἐπί-

388 2290 618 2327 σπεισιν
652 2271 754 2329 τοῦ
788 2268 953 2341 οἴνου,
991 2270 1192 2335 πάντες
1227 2268 1525 2351 Αἰγύπτιοι
1560 2267 1786 2347 νόμοισι
1825 2272 1980 2327 τοῖσι

386 2352 611 2414 αυτοῒσι
633 2356 903 2439 χρέωνται
934 2356 1137 2434 ὁμοίως
1169 2363 1225 2422 ἐς
1260 2356 1445 2419 πάντα
1474 2355 1546 2416 τοὶ
1583 2355 1692 2434 ἱρά·
1737 2356 1829 2415 καὶ
1869 2346 1982 2415 asu-6

383 2440 582 2505 τούτου
612 2469 713 2503 του
746 2443 935 2522 νόμου,
971 2444 1097 2505 οὐδὲ
1134 2444 1318 2505 αλλου
1355 2443 1574 2508 οὖδενός
1611 2441 1864 2523 ἐμψύχου
1897 2469 1980 2503 κε-

386 2534 577 2606 φαλῆς
590 2530 851 2612 γεύσεται
870 2533 1186 2614 Αἰγυπτίων
1203 2532 1397 2597 οὐδείς.
1449 2531 1524 2591 ‘H
1548 2532 1606 2591 δὲ
1623 2531 1691 2607 δη
1710 2532 1982 2609 ἐξαίρεσις
1996 2531 2076 2590 40

382 2620 493 2678 τῶν
531 2621 661 2696 ιρῶν
696 2646 788 2679 και
828 2620 868 2695 ἧ
909 2624 1107 2684 καῦσις
1151 2618 1305 2696 αλλη
1347 2619 1474 2698 περὶ
1519 2617 1728 2679 ἄλλο’
1711 2619 1829 2698 ιρόν
1869 2625 1982 2695 σφι

384 2705 707 2783 κατέστηκε.
748 2734 879 2791 ιτην
912 2706 1028 2767 δη
988 2735 1062 2769 ων
1086 2709 1363 2790 μεγίστην
1387 2733 1450 2769 τε
1482 2706 1784 2784 δαίμονα“’
1747 2730 1981 2788 ηγηνται

384 2792 540 2865 εἶναι,
568 2796 659 2853 καὶ
684 2796 959 2877 μεγίστην
986 2799 1039 2856 οἱ
1071 2795 1244 2873 ὁρτήν
1276 2795 1564 2876 ἀνάγουσι,
1591 2794 1798 2877 ταύτην
1825 2796 1979 2873 ἔρχο-

381 2906 486 2958 μαι
506 2882 687 2959 ἐρέων·
722 2882 890 2943 ἐπεοῖν
910 2882 1248 2962 ἀποδείρωσι
1265 2882 1369 2944 τὸν
1391 2885 1552 2960 βοῦν,
1571 2881 1978 2957 κατευξάμενοι,

384 2970 601 3046 κοιλίην
624 2996 728 3047 μεν
755 2996 937 3081 κεινην
962 2975 1158 3031 πᾶσαν
1189 2970 1325 3041 ἐξ’
1286 2997 1359 3032 ων
1388 2970 1556 3039 ειλον,
1585 2967 1922 3054 σπλάγχναο
1918 2966 1979 3023 δὲ

383 3056 554 3118 αὐτοῦ
579 3060 895 3118 λείπουσι’
869 3084 927 3118 εν
951 3062 1027 3138 τῷ
1054 3058 1276 3135 σώματι
1302 3057 1394 3118 καὶ
1419 3055 1522 3131 τήν
1546 3051 1807 3129 πιμελήν·
1851 3046 1978 3108 σκέ-

381 3150 489 3205 λεα
514 3147 573 3207 δὲ
606 3144 1013 3223 ἀποτάμνουσι,
1041 3147 1136 3205 καὶ
1166 3146 1271 3222 τήν
1297 3142 1486 3220 ὄσφυν
1513 3140 1700 3215 ἄκρην,
1729 3160 1820 3193 Καί
1850 3160 1980 3198 Τθυῖ

382 3232 563 3314 ὤμους
587 3260 651 3297 τε
676 3234 771 3295 καὶ
794 3231 897 3294 τόν
914 3233 1222 3314 τράχηλον·
1252 3234 1430 3293 ταῦτα
1455 3228 1514 3286 δὲ
1539 3220 1890 3296 ποιήσαντες,
1908 3220 1978 3284 τό
