2267 3517
331 140 551 204 41-43]
986 138 1316 188 mma
1839 138 1932 187 129

447 223 599 277 Οσοι
622 216 727 293 μὲν
751 214 821 291 δὴ
851 214 988 281 Διός
1018 216 1304 293 Θηβαιέος
1341 214 1634 293 ἵδρυνται*
1616 213 1754 293 ιρὸν,
1780 212 1820 291 ἦ
1843 240 1930 277 νο-
1948 217 2026 276 42

330 307 443 383 μοῦ
481 306 583 365 τοῦ
622 304 882 381 Θηβαίου
922 304 1051 374 εἰσὶ,
1087 328 1244 364 ουτοι
1281 303 1388 380 μέν
1425 327 1524 363 νυν
1562 302 1766 365 πάντες
1805 300 1934 363 ὄιων

333 391 670 471 ἀπεχόμενοι
709 390 873 472 αἶγας
913 390 1129 451 θύουσι.
1211 390 1398 471 (θεοὺς
1435 388 1548 472 γὰρ
1589 388 1657 466 δὴ
1699 389 1765 450 οὗ
1803 416 1935 455 τους

334 479 534 543 αὐτους
577 477 816 543 ἅπαντες
856 477 1060 556 ὁμοίως
1100 478 1399 559 Αἰγύπτιοι
1445 478 1736 554 σέβονται,
1778 476 1934 554 πλὴν

328 567 505 631 Ἴσιός
527 591 591 628 τε
610 567 705 627 καὶ
721 565 993 644 Ὀσίριος,
1006 566 1106 627 τόν
1124 566 1196 642 δή
1219 565 1498 626 Διόνυσον
1516 565 1658 625 εἶναι
1676 566 1933 646 λέγουσι·

333 655 561 719 τούτους
588 654 648 715 δέ
678 654 881 733 ὁμοίως
910 652 1151 718 ἅπαντες
1187 654 1506 733 σέβονται.)
1574 652 1705 713 ὅσοι
1741 653 1802 713 δὲ
1835 655 1937 714 τοῦ

336 744 625 819 Μένδητος
646 744 897 819 ἔκτηνται
918 742 1055 820 ἱρὸν,
1075 740 1113 818 ἢ
1134 745 1309 818 νομοῦ
1327 744 1428 802 τοῦ
1457 740 1780 817 Μενδησίου
1803 742 1931 813 εἶσὶ,

337 828 491 891 οὗτοι
514 830 576 891 δὲ
603 834 774 911 azy&
798 827 1139 908 ἀπεχόμενοι
1165 828 1248 893 ὄϊς
1274 828 1493 890 θύουσι.
1555 830 1804 905 Θηβαῖοι
1828 830 1934 906 μέν

336 944 449 990 νυν,
476 919 570 978 καὶ
604 917 735 979 ὅσοι
768 917 861 977 διαὶ
894 916 1123 981 τούτους
1158 915 1290 978 ὀΐων
1323 916 1646 996 ἀπέχονται,
1680 915 1773 976 &a
1801 916 1936 977 τάδε

338 1006 574 1087 λέγουσι
611 1004 712 1067 τᾶν
745 1003 919 1083 νόμον
957 1002 1119 1065 τόνδε
1157 1010 1272 1081 σφι
1310 1004 1556 1083 τεθῆναι·
1597 1014 1633 1041 “
1649 1003 1938 1081 Ἠρακλέα

340 1095 583 1170 θελῆσαι
606 1092 823 1156 πάντως
850 1092 1067 1153 ἰδέσθαι
1090 1092 1192 1153 τὸν
1211 1091 1339 1162 Δία,
1361 1091 1456 1150 καὶ
1472 1090 1574 1152 τδν
1595 1089 1697 1151 οὐκ
1723 1091 1938 1151 ἐθέλειν

340 1178 588 1258 ὀφθῆναι
616 1180 710 1241 ὕπ’
736 1179 924 1241 αὐτοῦ·
964 1181 1131 1245 τέλος
1166 1180 1243 1251 δὲ,
1275 1179 1403 1239 ἐπεί
1431 1203 1495 1239 τε
1523 1178 1809 1255 λιπαρέειν
1837 1177 1940 1239 τόν

338 1267 643 1347 Ἡρακλέα,
670 1267 771 1330 vav
797 1268 911 1328 Δία
937 1266 1385 1347 μηχανήσασθαι
1417 1265 1574 1344 κριόν
1599 1265 1934 1343 ἐκδείραντα,

339 1356 690 1436 προέχεσθαί
717 1380 781 1417 τε
814 1354 918 1431 τήν
952 1354 1216 1432 κεφαλήν
1249 1353 1616 1432 ἀποταμόντα
1648 1357 1749 1415 τοῦ
1781 1358 1939 1431 κριοῦ

341 1446 434 1504 καὶ
460 1444 687 1506 ἐνδύντα
710 1444 777 1505 τὰ
803 1443 969 1507 νάκος
988 1442 1131 1503 οὕτω
1158 1443 1216 1503 οἳ
1239 1441 1440 1504 ἐωυτὸν
1459 1441 1757 1514 ἐπιδέξαι.”
1823 1441 1940 1504 ἀπὸ

339 1531 541 1593 τούτου
591 1530 1019 1611 κριοπρόσωπον
1062 1534 1166 1591 τόΰ
1212 1530 1351 1595 Διός
1394 1530 1672 1613 τῶγαλμα
1717 1534 1944 1592 ποιεῦσι

340 1620 656 1701 Αἰγύπτιοι·
696 1617 809 1679 α’πδ
846 1619 908 1679 δὲ
939 1619 1258 1699 Αἰγυπτίων
1285 1616 1610 1697 Ἀμμώνιοι,
1637 1618 1818 1682 ἐόντες
1842 1622 1937 1679 Αἶ-

338 1709 585 1789 γυπτίων
607 1733 672 1770 τε
697 1707 790 1767 καὶ
816 1705 1165 1768 Αιθιόπων”
1126 1731 1368 1777 αποικοι,
1397 1706 1489 1767 καὶ
1515 1707 1708 1783 φωνὴν
1731 1706 1940 1783 μεταξῦ

340 1795 675 1875 ἀμφοτέρων
700 1796 1031 1872 νομίζοντες·
1064 1793 1273 1854 δοκέειν
1289 1792 1336 1853 δ’
1357 1794 1499 1871 ἐμοὶ,
1519 1794 1612 1853 καὶ
1635 1792 1702 1853 τὰ
1730 1792 1942 1871 οὔνομα

341 1882 645 1963 Ἀμμιόνιοι
678 1882 791 1943 ‹xm-6
822 1881 989 1944 τοῦδέ
1022 1888 1138 1959 σφι
1167 1879 1272 1957 τήν
1299 1881 1609 1959 ἐπωνυμίην
1643 1878 1942 1957 ἐποιήσαν-

343 1997 426 2032 το·
465 1971 677 2049 Ἀμοῦν
709 1969 821 2051 γοὶρ
848 1967 1146 2051 Αἰγύπτιοι
1185 1968 1456 2028 καλέουσι
1482 1965 1583 2027 τόν
1616 1967 1747 2026 Δία.
1813 1966 1946 2031 τούς

345 2059 405 2119 δὲ
446 2059 630 2135 κριοῦς
674 2056 741 2118 οὗ
788 2056 988 2117 θύουσι
1034 2057 1300 2133 Θηβαῖοι,
1344 2053 1475 2114 ἀλλ’
1518 2055 1634 2114 εἶσί
1671 2059 1785 2130 σφι
1831 2054 1941 2133 ἶροὶ

346 2144 439 2204 διὰ
475 2148 659 2206 τοῦτο·
700 2146 805 2222 μιῇ
836 2143 895 2203 δὲ
930 2142 1111 2222 ἡμέρῃ
1144 2146 1245 2203 τοῦ
1279 2145 1544 2212 ἐνιαυτοῦ,
1573 2146 1632 2202 ἐν
1667 2140 1807 2221 ὁρτῇ
1841 2144 1945 2202 τοῦ

347 2232 501 2303 Aede,
557 2231 712 2308 κριόν
776 2231 871 2290 ἕνα
929 2230 1340 2309 κατακόψαντες
1402 2230 1494 2290 καὶ
1556 2229 1946 2308 ἀποδείραντες

348 2319 489 2381 κατὰ
523 2318 700 2381 τῶυτὸ
726 2317 979 2379 ἐνδύουσι
1002 2316 1276 2398 τῶγαλμα
1304 2321 1406 2378 τοῦ
1441 2317 1596 2389 Διός,
1627 2316 1719 2377 καὶ
1756 2319 1945 2379 ἔπειτα

346 2408 496 2469 ἄλλο
541 2405 775 2488 ἄγαλμα
818 2406 1128 2485 Ἡρακλέος
1179 2403 1541 2487 προσάγουσι
1591 2404 1734 2482 πρός
1784 2404 1942 2467 αὖτό·

344 2500 522 2558 ταῦτα
574 2496 633 2555 δὲ
684 2492 1033 2571 ποιήσαντες,
1078 2493 1382 2554 τύπτονται
1426 2496 1482 2553 οἱ
1527 2492 1655 2571 περὶ
1706 2493 1774 2554 τδ
1824 2493 1944 2571 ῖρόν

345 2583 585 2649 ἅπαντες
608 2582 709 2645 τὸν
735 2581 905 2661 κριὸν,
934 2582 1027 2641 καὶ
1058 2580 1249 2643 ἔπειτα
1279 2585 1340 2641 ἐν
1371 2582 1462 2661 ἱρῇ
1492 2579 1635 2661 θήκῃ
1663 2580 1944 2641 θάπτουσι

347 2672 536 2733 αὐτόν.
1252 2686 1258 2693 “

426 2760 737 2838 Ἡρακλέος
772 2759 833 2821 δέ
869 2759 998 2836 πέρι
1036 2757 1198 2819 τόνδε
1234 2755 1335 2818 τόν
1373 2755 1550 2838 λόγον
1587 2755 1823 2833 ἥκουσα,
1855 2755 1942 2817 ὅτι
1959 2754 2038 2815 43

349 2849 433 2925 εἴη
458 2853 569 2910 τῶν
594 2846 833 2907 δυώδεκα
859 2847 1017 2908 θεῶν·
1047 2850 1150 2906 τοῦ
1173 2846 1364 2923 ἐτέρου
1391 2844 1450 2904 δὲ
1477 2845 1605 2923 πέρι
1629 2844 1943 2923 Ἡρακλέος

346 2936 447 2998 τᾶν
459 2935 760 3047 :Eunus-
800 2936 1003 3005 οἴδασι,
1048 2932 1266 3011 οὐδαμῇ
1308 2931 1594 3013 Αἰγύπτου
1637 2932 1944 3007 ἐδυνάσθην

347 3023 607 3086 ἀκοῦσαι·
649 3023 742 3083 καὶ
778 3021 892 3100 μὴν
922 3022 1011 3083 ὅτι
1046 3047 1115 3103 γε
1149 3020 1215 3082 οὗ
1245 3020 1375 3099 παρ’
1405 3020 1697 3097 Ἑλλήνων
1731 3020 1943 3093 ἔλαβον

346 3112 414 3174 τὸ
440 3111 653 3190 οὕνομα
681 3114 782 3172 τοῦ
805 3110 1118 3187 Ἡρακλέος
1144 3107 1455 3190 Αἰγύπτιοι,
1483 3107 1638 3167 ἄλλα
1667 3105 1945 3178 Ελληνες

346 3205 574 3310 μᾶλλον
597 3225 712 3277 παρ
711 3198 1077 3279 Ἀἰγυπτίων,
1098 3198 1191 3256 καὶ
1208 3193 1501 3271 Ελλήνων
1521 3191 1676 3251 ουτοι
1702 3192 1756 3249 οἶ
1783 3189 1942 3264 θέμε·

344 3317 432 3354 νοι
455 3293 535 3419 vlui‘3
556 3286 981 3367 Ἀμφιτρύωνος
996 3283 1144 3367 γόνῳ
1159 3283 1408 3358 τοῦνομα
1422 3276 1728 3355 Ἡρακλέα,
1748 3273 1944 3335 πολλά
