2267 3517
331 156 429 204 302
950 150 1322 202 ·H1³0Ao·1·01·
1597 155 1623 168 ·
1807 151 1934 216 [IV.

326 232 516 303 πόλιν,
559 236 617 294 ἐς
654 228 840 306 δεξιῆν
880 229 1138 311 α’,πέργων
1177 230 1283 305 τήν
1321 255 1385 302 τε
1424 229 1662 306 Ὑλαίην
1703 231 1797 290 καὶ
1835 233 1939 293 τᾶν

236 324 313 382 56
329 318 665 399 Ἀχιλλήῖον
694 316 1036 394 καλεόμενον
1063 317 1313 394 Δρόμον.
1385 316 1682 394 Ἕβδομος
1717 317 1778 378 δὲ
1803 320 1938 396 Γέρ-

330 434 429 487 ρος
450 403 704 482 ποταμός
738 403 1086 483 ἀπέσχισται
1120 407 1226 480 μὲν
1267 403 1384 464 <ivd
1415 408 1518 464 τοῦ
1555 406 1938 481 Βορυσθένεος

332 521 474 556 κατα
495 497 665 554 τοῦτο
684 497 786 568 τῆς
805 491 992 572 χώρης
1018 491 1125 555 ἐς“
1091 519 1124 552 ο
1152 517 1484 573 γινωσκεται
1500 520 1532 552 ο
1517 491 1934 570 ’Βορυσθένης

331 583 679 661 ἀπέσχισται
708 581 814 657 μέν
850 605 949 641 νυν
989 584 1053 638 ἐκ
1094 579 1298 641 τούτου
1337 583 1438 640 τοῦ
1480 605 1685 658 χωρου,
1729 580 1940 657 οὔνομα

330 671 393 731 δὲ
439 671 553 749 ἔχει
591 667 765 745 τόπερ
806 696 840 728 ο
881 672 1063 746 χῶρος
1116 667 1298 737 αυτὸς,
1342 668 1567 744 Γέρρος,
1611 670 1750 744 ῥέων
1793 666 1840 727 δ’
1883 674 1940 733 ἐς

331 757 653 827 θάλασσαν,
680 756 885 834 οὐρίζει
924 755 1028 832 τήν
1065 781 1129 815 τε
1151 759 1270 815 τῶν
1299 755 1580 832 Νομάδων
1611 754 1815 834 χώρην,
1845 757 1940 818 καὶ

328 845 435 924 τὴν
480 849 593 906 τῶν
642 845 967 922 βασιληΐων
1013 843 1290 908 Σκυθέων·
1359 843 1566 902 ἐκδιδοῖ
1617 844 1677 915 δὲ
1731 849 1786 907 ἐς
1835 845 1940 906 rav
2015 885 2020 888 -

237 937 313 996 57
330 933 651 1012 Ὑπάκυριν.
721 931 969 1014 Ὄγδοος
1000 932 1059 992 δὲ
1085 930 1155 1007 δὴ
1187 930 1394 994 Τάναϊς
1423 930 1696 1008 ποταμός·
1737 931 1800 994 ὃς
1823 931 1940 1008 ῥέει

329 1024 404 1084 τοὶ
429 1022 695 1084 οἷνέκαθεν
731 1026 791 1081 ἐκ
826 1021 1029 1098 λίμνης
1057 1019 1313 1100 μεγάλης
1338 1018 1703 1096 ὅρμεῶμενος,
1733 1019 1940 1081 ἐκδιδοῖ

332 1113 393 1172 δὲ
418 1117 475 1176 ἐς
497 1112 644 1188 μέζω
670 1111 751 1170 ἔτι
774 1110 982 1186 λίμνην
1008 1108 1352 1184 καλεομένην
1378 1110 1644 1182 Μαιῆτιν,
1663 1105 1706 1182 ἢ
1731 1105 1938 1184 οὐρίζει

333 1201 550 1265 Σκύθας
572 1225 637 1260 τε
659 1196 791 1262 τοῦς
823 1196 1166 1274 βασιληΐους
1205 1194 1300 1254 καὶ
1339 1193 1725 1272 Σαυρομάτας·
1793 1200 1850 1258 ἐς
1875 1196 1938 1255 δὲ

328 1288 535 1350 Τάναῖν
568 1291 768 1349 τοῦτον
802 1284 984 1347 ἄλλος
1014 1283 1270 1360 ποταμιῖς
1303 1282 1590 1358 ἐσβάλλει
1618 1286 1696 1361 τῷ
1722 1281 1938 1360 οὔνομά
1987 1343 1997 1351 ,

164 1418 173 1429 ,
234 1381 312 1436 58
330 1382 457 1438 ἐστι
468 1375 686 1456 ’Υργις.
766 1376 935 1433 Τοῖσι
958 1375 1063 1450 μὲν
1088 1371 1158 1447 δὴ
1187 1370 1594 1448 οὖνομαστοῖσι
1623 1375 1936 1448 ποταμοῖσι

328 1465 470 1526 οὕτω
494 1464 564 1540 δή
588 1489 645 1524 τι
679 1465 733 1522 οἶ
764 1462 977 1527 Σκύθαι
1009 1459 1393 1520 ἐσκευάδαται·
1432 1462 1588 1519 τοῖσι
1613 1458 1673 1518 δὲ
1699 1459 1935 1535 κτήνεσι

326 1553 366 1629 ἦ
414 1552 551 1626 ποίη
602 1549 962 1626 ἀναφυομένη
1016 1554 1075 1608 ἐν
1126 1552 1199 1626 τῇ
1253 1547 1518 1625 Σκυθικῇ,
1572 1547 1697 1608 ἔστι
1742 1553 1936 1629 ἐπιχυ-

332 1638 557 1716 λωτάτη
598 1638 827 1697 πασέων
870 1637 1072 1696 ποιέων
1116 1639 1228 1695 τῶν
1270 1635 1433 1712 ημεῖς
1478 1635 1654 1711 ἴδμεν·
1714 1633 1935 1718 ἀνοιγο-

326 1729 549 1806 μένοισι
591 1726 652 1787 δὲ
692 1729 848 1785 τοῖσι
892 1722 1123 1799 κτήνεσί
1162 1727 1288 1784 ἐστι
1329 1721 1875 1816 σταθμώσασθαι,
1841 1751 1934 1787 οτι

326 1819 493 1878 τοῦτο
518 1813 690 1878 οὕτως
716 1815 848 1893 ἔχει.

232 1908 309 1966 59
406 1903 494 1964 Τοὶ
526 1906 632 1982 μὲν
666 1903 735 1979 δὴ
765 1903 1011 1984 μέγιστα
1050 1899 1196 1960 οὕτω
1229 1905 1342 1976 σφι
1379 1925 1587 1976 ευπορα
1631 1904 1774 1961 ἐστι.
1853 1901 1932 1961 τοὶ
1953 1943 1966 1951 -

318 1995 387 2056 ,δὲ
428 1993 606 2056 λοιποὶ
646 1992 851 2070 νόμαια
893 1989 1035 2051 κατὰ
1077 1989 1212 2049 τάδε
1254 1994 1367 2064 σφι
1408 1987 1700 2049 διακέεται·
1769 1988 1934 2053 θεούς
2029 2053 2035 2058 ‚

324 2086 431 2162 μὲν
469 2082 706 2161 μούνους
755 2078 961 2140 τούσδε
1014 2077 1364 2138 ἱλάσκονται·
1422 2075 1640 2152 Ἱστίην
1678 2077 1782 2153 μὲν
1821 2075 1930 2152 pui-

326 2176 519 2232 λιστα·
574 2171 668 2230 ἐπὶ
700 2169 777 2239 δὲ,
805 2169 919 2227 Δία
950 2190 1014 2226 τε
1050 2166 1144 2225 καὶ
1169 2169 1302 2240 Γῆν,
1336 2164 1653 2240 νομίζοντες
1681 2163 1786 2240 τὴν
1812 2169 1932 2240 Γῆν

326 2265 428 2320 τοῦ
470 2258 605 2330 Aeas
651 2257 790 2316 εἶναι
827 2258 1082 2337 γυναῖκα·
1136 2278 1282 2331 μετα
1329 2253 1391 2312 δὲ
1429 2250 1675 2322 τούτους,
1716 2251 1930 2311 Ἀπόλ-

327 2345 478 2407 λωνά
516 2371 581 2406 τε
622 2344 715 2404 καὶ
768 2342 1029 2420 ουρανίην
1072 2331 1432 2418 Ἀφροδίτην,
1484 2341 1576 2398 καὶ
1618 2339 1927 2417 Ἡρακλέα,

329 2435 421 2495 καὶ
435 2434 631 2511 ”·Αρεα
657 2430 886 2494 τούτους
910 2432 1015 2507 μὲν
1039 2429 1242 2492 πάντες
1267 2430 1324 2486 οἱ
1349 2426 1561 2492 Σκύθαι
1587 2428 1930 2503 νενομίκασι·

330 2525 386 2582 οἶ
426 2521 486 2580 δὲ
528 2518 858 2596 καλεόμενοι
898 2516 1204 2594 βασιλήϊοι
1240 2515 1453 2580 Σκύθαι
1489 2515 1582 2574 καὶ
1607 2520 1684 2594 τῷ
1715 2523 1929 2598 ,Ποσει-

328 2611 483 2670 δέωνι
524 2606 741 2670 θύουσι·
786 2605 1146 2683 οὗνομάζεται
1187 2604 1246 2663 δὲ
1288 2604 1576 2674 Σκυθιστὶ,
1601 2602 1785 2680 Ἱστίη
1825 2607 1931 2680 μὲν

327 2697 553 2774 Ταβιτί·
596 2694 757 2758 -Ζεῧς
796 2694 857 2752 δὲ
896 2692 1213 2773 (ὀρθότατα,
1259 2692 1400 2753 κατὰ
1451 2690 1679 2773 γνώμην
1700 2705 1790 2772 ’γε
1829 2692 1936 2767 τὴν

328 2784 483 2864 ἐμήν,
526 2782 887 2861 καλεόμενος)
926 2783 1208 2844 Παπαῖος·
1251 2785 1337 2856 Γῆ
1382 2779 1442 2839 δὲ
1484 2779 1675 2838 Ἀπία·
1722 2778 1936 2839 Ἀπόλ·

332 2877 443 2933 λων
488 2873 549 2932 δὲ
591 2869 923 2947 Οἰτόσυρος·
978 2869 1206 2946 οὐρανίη
1253 2869 1314 2928 δὲ
1354 2867 1668 2946 Ἀφροδίτη
1705 2866 1936 2944 Ἀρτίμ-

337 2987 508 3021 τασα·
556 2959 877 3018 Ποσειδέων
916 2957 977 3016 δὲ
1016 2956 1447 3033 Θαμιμασοὶδας.
1530 2953 1834 3036 ἀγάλματα
1875 2955 1938 3014 δὲ

330 3050 422 3108 καὶ
461 3046 693 3126 βωμοῦς
735 3045 827 3104 καὶ
867 3043 1031 3120 νηοῦς
1073 3043 1139 3102 ού
1181 3045 1475 3120 νομίζουσι
1516 3044 1740 3115 ποιέειν,
1779 3043 1938 3118 πλὴν
2011 3075 2016 3078 ·

236 3136 506 3212 60”Αρηῖ·
544 3129 723 3212 τούτῳ
754 3133 816 3192 δὲ
846 3131 1156 3209 νομίζουσι.
1237 3130 1421 3205 Θυσίη
1454 3129 1513 3187 δὲ
1543 3128 1581 3203 ἦ
1619 3129 1758 3204 αὐτή
1787 3133 1940 3188 πᾶσι

330 3225 637 3298 κατέστηκε
660 3221 791 3298 περὶ
814 3218 997 3279 πάντα
1032 3217 1105 3277 τοὶ
1140 3217 1232 3294 ἱροῖ
1267 3217 1484 3294 ὁμοίως,
1513 3215 1779 3293 ἐρδομένη
1808 3214 1932 3284 ὦδε·

330 3309 394 3368 τὰ
438 3311 543 3385 μὲν
590 3308 790 3385 ἶρήῖον-
808 3303 945 3366 αὐτὰ
987 3304 1470 3380 ἐμπεποδισμένον
1513 3301 1645 3364 τούς
1685 3307 1940 3379 ἐμπροσὴ
