2267 3517
894 451 1603 527 ‘HPOAOTOY

783 602 1304 675 ἸΣΤΟΡΙΩΝ
1372 605 1705 672 ΤΡΙΤΗ.

1144 777 1345 804 ——0—

1089 902 1395 958 ΘΑΛΕῙΑ.

471 997 632 1057 ’Em
659 999 858 1080 τοῦτον
882 996 952 1074 δὴ
977 996 1077 1059 τᾶν
1100 997 1356 1075 Ἀμασιν
1382 999 1709 1078 Καμβύσης
1737 997 1773 1060 ὅ
1804 997 1995 1076 Κύρου
2022 998 2054 1057 1

391 1085 934 1168 ε’στρατεύετο,”ἅγων
955 1087 1048 1144 καὶ
1067 1083 1281 1151 ἅλλὸυς
1298 1091 1408 1147 τῶν
1428 1087 1567 1166 ἦρχε
1589 1087 1681 1147 καὶ
1699 1085 1991 1162 Ἑλλήνων

385 1169 576 1236 Ἴωνάς
612 1198 676 1233 τε
705 1174 808 1232 ’καὶ
847 1173 1104 1243 Αἰολέας,
1146 1173 1215 1233 δι’
1258 1175 1437 1251 αἰτίην
1476 1173 1715 1251 τοιήνδε·
1761 1173 1991 1250 πέμψας

392 1259 718 1336 Καμβύσης
756 1265 812 1324 ἐς
846 1261 1132 1341 Αἴγυπτον
1168 1260 1394 1338 κήρυκα,
1429 1262 1575 1322 αἴτεε
1604 1261 1859 1338 Ἀμασιν
1897 1261 1991 1321 θυ-

387 1348 618 1426 γατέρα·
659 1349 804 1407 αἴτεε
843 1348 903 1407 δὲ
943 1353 1004 1408 ἐκ
1040 1350 1400 1426 συμβουλίης
1434 1349 1632 1427 ἀνδρός
1663 1348 1987 1430 Αἰγυπτίου,

388 1431 453 1497 ὃς
491 1435 852 1512 μεμφόμενος
878 1435 1134 1513 Ἀμασιν
1177 1437 1379 1514 ἔπρηξε
1420 1441 1615 1508 ταῦτα,
1657 1436 1745 1496 ὅτι
1787 1461 1886 1512 μιν
1926 1436 1990 1506 ἐξ

388 1520 644 1584 ἁπάντων
683 1527 794 1585 τῶν
835 1529 892 1584 ἐν
935 1523 1200 1606 Αἰγύπτῳ
1245 1529 1445 1602 ἰητρῶν
1486 1523 1833 1588 ἀποσπάσας
1871 1523 1985 1584 α’πό

386 1611 660 1691 ’γυναικόςἵ
686 1637 748 1672 τε
791 1612 884 1670 καὶ
925 1613 1146 1683 τέκνων,
1192 1612 1416 1673 ἔκδοτον
1458 1614 1691 1689 ε’ποίησε
1736 1616 1793 1675 ἐς
1838 1612 1985 1690 Πέρ-

387 1723 510 1770 σας,
539 1699 631 1760 ὅτε
655 1703 852 1777 ’Κῦρος
885 1700 1112 1778 πέμψας
1143 1700 1299 1776 παροὶ
1325 1698 1581 1777 Ἀμασιν
1616 1700 1765 1760 αἴτεε
1802 1698 1990 1777 ἰητρόν

387 1785 701 1866 ὀφθαλμῶν
719 1787 782 1852 ὃς
809 1789 892 1865 εἴη
913 1788 1146 1865 ἄριστος
1170 1792 1281 1848 τῶν
1308 1792 1367 1848 ἐν
1392 1787 1676 1869 Αἰγύπτῳ·
1708 1791 1884 1848 ταῦτα
1911 1785 1981 1864 δὴ

387 1874 839 1953 ἐπιμεμφόμενος
884 1875 917 1936 ὅ
966 1875 1288 1957 Αἰγύπτιος,
1333 1879 1495 1955 ἐνῆγε
1540 1878 1613 1953 τῇ
1657 1876 1986 1955 συμβουλίῃ

387 1963 625 2024 κελεύων
663 1965 861 2023 αἰτέειν
897 1964 998 2024 τδν
1039 1963 1369 2041 Καμβύσεα
1397 1963 1653 2039 Ἀμασιν
1689 1962 1985 2043 θυγατέρα·

388 2049 480 2108 ἵνα
514 2047 552 2124 ἢ
584 2049 710 2112 δοῦς
743 2050 961 2129 ἀνιῷτο,
989 2049 1026 2126 ἢ
1057 2052 1139 2128 μή
1168 2050 1295 2115 δούς
1330 2049 1627 2128 Καμβύσῃ
1658 2048 1985 2127 ἀπέχθοιτο·

388 2134 421 2195 ὅ
464 2134 523 2194 δὲ
555 2135 821 2212 Ἄμασις,
853 2141 924 2216 τῇ
961 2138 1187 2216 δυνάμει
1226 2143 1335 2199 τῶν
1371 2137 1639 2215 Περσέων
1675 2134 1986 2215 ἀχθόμενος

389 2223 482 2281 καὶ
507 2222 805 2301 α’ρρωδέων,
827 2224 926 2285 οὔκ
949 2225 1064 2305 εἶχε
1092 2225 1219 2286 ὀὔτε
1246 2226 1435 2286 δοῦναι
1461 2224 1588 2284 οὔτε
1608 2223 1985 2301 ἀρνήσασθαι·

390 2336 450 2370 ευ
491 2311 601 2392 γὰρ
642 2311 924 2388 ἠπίστατο
971 2313 1058 2374 ὅτι
1105 2312 1205 2373 οὐκ
1255 2313 1325 2377 ὥς
1363 2311 1627 2420 γυναῖκάῆ
1644 2338 1741 2390 μιν
1782 2312 1987 2389 εμελλε

390 2400 717 2477 Καμβύσης
743 2402 882 2471 ἕξειν
906 2401 1037 2461 ἀλλ’
1065 2427 1137 2467 ως
1162 2401 1483 2513 παλλακήν·
1523 2405 1699 2462 ταῦτα
1730 2400 1798 2476 δὴ
1826 2405 1983 2461 ε’κλο-

386 2487 690 2567 γιζόμενος,
728 2490 960 2566 ἐποίησε
994 2488 1147 2550 τάδε·
1186 2515 1257 2566 ην
1289 2489 1531 2568 Ἀπρίεω
1569 2493 1671 2550 τοῦ
1711 2489 1985 2566 προτέρου

385 2574 664 2649 βασιλέος
714 2577 960 2658 θυγάτηρ
1005 2577 1182 2654 κάρτα
1232 2576 1457 2658 μεγαλη
1500 2603 1564 2636 τε
1616 2578 1708 2637 καὶ
1719 2575 1983 2689 ’cfiethsz

385 2662 566 2740 μούνη
589 2667 690 2724 τοῦ
717 2665 869 2725 οἴκου
899 2666 1260 2743 λελειμμένη·
1302 2664 1512 2742 οὕνομα
1538 2665 1601 2724 δέ
1632 2667 1685 2724 οἶ
1710 2663 1781 2739 ἦν
1809 2664 1981 2739 Νίτη-

383 2775 487 2814 τις·
526 2751 732 2828 ταύτην
764 2752 834 2829 δή
859 2753 964 2830 τὴν
997 2752 1173 2812 παῖδα
1210 2753 1242 2812 ὁ
1271 2751 1523 2829 Ἀμασις
1558 2752 1856 2830 κοσμήσας
1889 2755 1980 2811 ἔσ-
2060 2773 2081 2791 ·

386 2837 523 2914 θῆτί
539 2865 603 2901 τε
627 2867 721 2900 και
743 2846 955 2920 χρυσῷ,
983 2839 1303 2919 ἆποπέμπει
1334 2845 1389 2904 ἐς
1422 2841 1653 2918 Πέρσας
1686 2865 1757 2904 ως
1784 2840 1983 2898 εωυτοΰ

385 2925 680 3008 θυγατέρα·
711 2954 854 3006 μετα
880 2929 940 2988 δὲ
958 2929 1163 3008 χρόνον
1183 2928 1254 2992 ὥς
1278 2953 1375 3005 μιν
1393 2926 1680 3004 ἠσπάζετο
1705 2924 1983 3003 πατρόθεν

383 3013 716 3092 ουνομάζων,
743 3017 899 3097 λέγει
933 3017 1074 3094 πρός
1109 3015 1277 3077 αύτὸν
1309 3015 1345 3090 ἦ
1378 3019 1528 3078 παῖς·
1592 3013 1669 3072 (ὦ
1708 3015 1977 3090 βασιλεῦ,

382 3101 902 3182 διαβεβλημένος“
869 3105 1014 3164 υπὸ
1017 3102 1295 3181 Ἀμάσιος
1334 3102 1398 3162 ού
1434 3101 1745 3180 μανθάνεις,
1777 3125 1840 3162 ος
1880 3098 1983 3175 ἐμέ

382 3216 480 3251 σοι
517 3191 712 3272 κόσμῳ
737 3191 996 3267 ἀσκήσας
1030 3190 1327 3269 ἀπέπεμψε
1363 3215 1434 3253 ως
1469 3192 1669 3248 ἑωυτοῦ
1705 3185 1981 3269 θυγατέρα

381 3278 564 3346 διδοῦς
587 3285 792 3342 ἐοῦσαν
813 3283 887 3360 τῇ
911 3279 1157 3356 οἷληθηΐη
1180 3277 1438 3355 Ἀπρίεω·
1467 3275 1571 3336 τὸν
1588 3277 1792 3336 ἐκεῖνος
1818 3272 1980 3334 ε’όντα
