2267 3517
229 142 262 186 a
822 134 1189 193 «ΗΡοΔοΤοΥ
1752 141 1821 206 [1.

229 214 369 279 ὅκως
410 217 451 293 ἦ
493 217 772 293 βασίλεια
817 219 1025 288 καλέοι,
1073 222 1299 295 φοιτᾶν·
1344 218 1417 282 ὥς
1460 218 1521 277 δὲ
1565 217 1600 279 ὅ
1644 216 1827 298 Γύγης

229 302 474 373 ἀπίκετο,
502 304 692 385 ἔλεγεν
729 304 768 381 ἤ
805 305 945 387 γυνὴ
979 303 1130 365 τάδε·
1174 316 1210 341 “
1226 308 1325 365 νῦν
1356 330 1445 365 τοι
1486 305 1637 365 δυοῖν
1675 303 1827 365 ὄδοῖν

231 391 600 466 παρεουσέων,
628 390 800 473 Γύγη,
828 392 1020 469 δίδωμι
1045 392 1277 469 αἵρεσιν,
1300 392 1563 468 ὁκοτέρην
1586 392 1827 468 βούλεαι

232 478 565 553 τραπέσθαι·
606 476 644 554 ἢ
667 477 779 559 γάρ
806 478 1140 539 Κανδαύλεα
1164 478 1490 543 ἀποκτείνας
1519 478 1621 555 ἐμέ
1642 503 1705 537 τε
1734 479 1827 537 καὶ

232 562 337 637 τήν
369 564 684 639 βασιληίην
723 566 816 643 ἔχε
853 564 959 641 τὴν
987 566 1200 636 Λυδῶν,
1230 564 1269 641 ἢ
1310 564 1481 627 αὖτόν
1521 567 1592 624 σέ
1631 563 1829 623 αὐτίκα

234 650 376 710 οὕτω
409 650 785 727 ἀποθνήσκειν
815 651 916 711 δεῖ·
959 651 1031 715 ὦς
1063 650 1134 713 ἂν
1161 652 1260 729 μή,
1291 652 1473 713 πάντα
1502 650 1829 728 πειθόμενος

237 737 568 815 Κανδαύλῃ,
582 741 683 797 τοῦ
713 742 918 798 λοιποῦ
942 739 1062 817 ἴδῃς
1085 739 1159 799 τοὶ
1192 738 1274 816 μή
1300 765 1371 799 σε
1406 740 1505 798 δεῖ.
1546 737 1678 799 ἀλλ’
1701 736 1829 814 ἤτοι

237 823 418 884 κεῖνόν
441 850 509 905 γε
537 824 638 884 τὸν
659 828 836 885 ταῦτα
858 824 1254 901 βουλεύσαντα
1280 826 1364 887 δεῖ
1386 825 1765 895 ἀπόλλυσθαι,
1790 824 1829 902 ἢ

237 913 310 969 σὲ
347 909 448 971 τᾶν
488 913 585 987 ἐμὲ
627 911 844 992 γυμνήν
883 911 1239 990 θηησᾶμενον
1276 914 1370 972 καὶ
1406 911 1727 989 ποιήσαντα
1762 910 1829 971 οὔ

239 996 620 1075 νομιζόμενα.”
661 997 694 1058 6
735 999 795 1058 δὲ
833 998 1015 1081 Γύγης
1051 1001 1187 1064 ,τέως
1224 1002 1329 1077 μὲν
1362 999 1721 1075 ἀπεθῶυμαζε
1756 998 1829 1058 τὰ

237 1084 532 1165 λεγόμενα·
571 1086 715 1162 μετσὶ
751 1086 828 1157 δὲ,
867 1088 1069 1147 ἱκέτευε
1100 1088 1183 1165 μή
1216 1112 1315 1165 μιν
1348 1086 1621 1169 ἀναγκαίῃ
1658 1085 1829 1145 ἐνδεῖν

238 1172 510 1249 διακρῖναι
531 1172 792 1249 τοιαύτην
812 1172 1046 1252 αἵρεσιν·
1067 1174 1255 1235 -οὕκων
1274 1174 1341 1251 δὴ
1364 1174 1544 1235 ἔπειθε
1564 1172 1695 1233 ἀλλ’
1716 1173 1831 1251 ὥρα

239 1258 543 1340 ἀναγκαίην
593 1260 842 1335 ἀληθέως
888 1262 1272 1339 προκειμένην,
1316 1260 1356 1337 ἦ
1404 1261 1504 1322 τᾶν
1552 1259 1831 1321 δεσπότεα

241 1344 558 1405 ἀπολλύναι
587 1344 626 1421 ἢ
656 1345 826 1406 αύτόν
846 1345 940 1405 ὕπ’
971 1345 1165 1408 ἄλλων
1188 1348 1565 1417 ἀπόλλυσθαι,
1592 1347 1831 1425 αἱρέεται

241 1430 410 1495 αὐτὰς
440 1436 724 1510 περιεῖναι·
767 1433 1032 1509 ἐπειρώτα
1061 1433 1131 1509 δὴ
1163 1435 1344 1515 λέγων
1366 1433 1517 1493 τάδε·
1558 1444 1595 1470 “
1611 1435 1735 1492 ἐπεί
1756 1459 1831 1510 με

241 1516 564 1598 ἀναγκάζεις
587 1517 864 1578 δεσπότεα
881 1519 982 1580 τᾶν
1005 1519 1143 1597 ἐμᾶν
1160 1522 1401 1589 κτείνειν,
1420 1519 1522 1579 οὐκ
1545 1519 1829 1588 ἐθέλοντα,

244 1605 382 1681 φέρε
417 1603 640 1665 ἀκούσω
669 1606 774 1685 τέω
809 1606 902 1665 καὶ
935 1607 1122 1685 τρόπω
1154 1605 1585 1686 ἐπιχειρήσομεν
1614 1605 1759 1683 αύτῳ
1731 1604 1829 1675 ''3'’

243 1691 283 1767 ἦ
315 1692 375 1751 δὲ
400 1691 780 1769 υπολαβοῦσα
806 1694 932 1769 ἔφη,
965 1698 1046 1730 “’
1019 1720 1079 1753 εκ
1109 1698 1213 1755 τοῦ
1238 1693 1409 1755 αὐτοῦ
1431 1695 1536 1770 μὲν
1558 1692 1763 1771 χωρίου
1790 1692 1829 1769 ἦ

244 1777 392 1856 ὅρμη
420 1780 578 1839 ἔσται
604 1780 733 1841 ὅθεν
757 1802 864 1858 περ
889 1781 981 1838 καὶ
1012 1785 1215 1845 ἐκεῖνος
1248 1785 1345 1858 ἐμὲ
1376 1780 1669 1849 ἐπεδέξατο
1690 1805 1831 1860 γυμ-

151 1868 225 1937 12
244 1866 361 1941 νήν·
413 1865 708 1945 ύπνωμένω
753 1867 815 1926 δὲ
862 1866 902 1942 ἢ
955 1868 1297 1976 ἐπιχείρησις
1341 1869 1518 1928 ἔσται.
1517 1865 1551 1886 ”
1628 1865 1727 1930 Ὡς
1770 1867 1833 1926 δὲ

239 1952 491 2031 ἤρτυσαν
523 1979 628 2030 την
667 1953 996 2031 ἐπιβουλὴν,
1032 1955 1229 2020 νυκτός
1264 1954 1571 2037 γινομένης,
1595 1952 1687 2035 (οὗ
1718 1952 1831 2033 γὰρ

240 2042 460 2119 μετίετο
481 2040 513 2101 6
535 2040 732 2123 Γύγης,
755 2041 884 2103 οὐδέ
907 2045 961 2102 οἶ
985 2041 1054 2118 ἦν
1076 2041 1384 2124 ἀπαλλαγὴ
1407 2041 1649 2119 οὐδεμία,
1676 2039 1833 2101 ἀλλά

244 2126 416 2188 ἒ’δεε”ι
381 2155 418 2205 η
439 2127 607 2189 αὐτόν
631 2129 1036 2190 ἀπολωλέναι*
1001 2157 1040 2206 η
1059 2130 1432 2211 Κανδαύλεα),
1456 2128 1641 2189 εἵπετο
1662 2133 1716 2192 ἐς
1733 2128 1833 2189 τόν

245 2214 501 2291 θάλαμον
516 2219 588 2293 τῇ
601 2215 837 2296 γυναικί·
864 2215 962 2275 καί
969 2242 1066 2295 μιν
1083 2218 1276 2294 ἐκείνη,
1294 2217 1620 2299 ἐγχειρίδιον
1636 2216 1830 2286 δοῦσα,

245 2301 610 2378 κατακρύπτει
633 2301 743 2361 ύπὸ
768 2301 872 2377 τὴν
895 2302 1068 2378 αὖτήν
1094 2303 1285 2380 θύρην.
1350 2304 1444 2362 καὶ
1472 2303 1617 2379 μετὰ
1638 2307 1830 2373 ταῦτα,

244 2386 661 2465 ἀναπαυομένου
677 2387 1032 2469 Κανδαύλεω,
1047 2388 1310 2454 ύπεισδύς
1322 2416 1385 2449 τε
1400 2391 1491 2449 καὶ
1506 2389 1833 2453 ἀποκτείνας

245 2473 431 2544 αύτὸν,
451 2474 586 2553 ἔσχε
603 2474 695 2532 καὶ
709 2473 812 2549 τήν
824 2478 1058 2555 γυναῖκα
1074 2475 1166 2533 καὶ
1184 2474 1285 2551 τήν
1300 2476 1615 2551 βασιληίην
1629 2476 1831 2557 Γύγης·

244 2562 368 2642 (τοῦ
387 2562 479 2621 καὶ
497 2560 836 2640 Ἀρχίλοχος
860 2560 895 2621 ὅ
915 2560 1144 2639 Πάριος,
1162 2561 1304 2622 κατὰ.
1321 2561 1420 2623 τᾶν
1441 2561 1610 2622 αὐτόν
1628 2563 1833 2641 χρόνον

157 2652 228 2709 13
245 2648 551 2730 γενόμενος,
589 2653 648 2708 ἐν
685 2648 872 2728 ἰάμβῳ
905 2648 1176 2727 τριμέτρῳ
1212 2648 1579 2729 ἐπεμνήσθη.)
1648 2648 1835 2727 Ἔσχε

245 2737 306 2796 δὲ
328 2735 435 2811 τήν
456 2736 770 2816 βασιληίην
797 2735 888 2795 καὶ
913 2735 1217 2814 ἐκρατύνθη
1243 2741 1303 2796 ἐκ
1333 2739 1435 2797 τοῦ
1462 2740 1519 2797 ἐν
1546 2739 1835 2813 Δελφοῖσι

244 2822 610 2902 χρηστηρίου·
652 2823 725 2886 ὥς
747 2822 858 2905 γὰρ
886 2822 954 2898 δὴ
981 2825 1036 2883 οἳ
1060 2822 1235 2883 Λυδοὶ
1260 2822 1437 2884 δεινόν
1464 2826 1743 2883 ἐποιεῦντο
1768 2821 1835 2883 τό

248 2908 587 2970 Κανδαύλεω
614 2909 795 2975 πάθος
829 2911 923 2970 καὶ
956 2915 1014 2970 ἐν
1045 2910 1280 2971 ὅπλοισι
1308 2910 1474 2987 ἦσαν,
1506 2912 1837 2987 συνέβησαν

250 3000 306 3061 ἐς
333 2995 510 3059 τῶυτό
543 3000 603 3058 οἵ
631 3024 695 3058 τε
723 3001 824 3058 τοῦ
861 2997 1050 3079 Γύγεω
1085 3003 1398 3060 στασιῶται
1432 2999 1524 3058 καὶ
1554 3001 1611 3058 οἱ
1647 2998 1841 3059 λοιποὶ

247 3086 438 3156 Λυδοὶ,
463 3083 533 3162 ἢν
566 3088 670 3163 μὲν
695 3085 764 3162 δή
794 3084 862 3146 τό
892 3085 1238 3165 χρηστήριον
1265 3086 1437 3165 ἀνέλῃ
1466 3112 1564 3164 μιν
1587 3085 1842 3162 βασιλέα

250 3172 388 3233 εἶναι
411 3173 622 3245 Λυδῶν,
647 3173 748 3233 τόν
772 3172 830 3232 δὲ
855 3172 1202 3249 βασιλεύειν·
1233 3172 1304 3250 ἢν
1330 3174 1390 3233 δὲ
1413 3174 1511 3252 μὴ,
1539 3172 1843 3251 ἀποδοῦναι

247 3256 432 3321 ὀπίσω
467 3264 523 3325 ἐς
550 3260 919 3339 Ἡρακλείδας
957 3258 1064 3337 τὴν
1098 3259 1300 3339 ἀρχήν·
1341 3260 1531 3322 ἀνεῖλέ
1565 3284 1629 3320 τε
1664 3257 1733 3330 δὴ
1773 3256 1843 3317 τὰ

2176 864 2222 1019 .-Δ
2210 776 2216 795 --
