2267 3517
351 124 633 191 122—125]
993 124 1318 175 m'mmn.
1852 129 1946 177 169

347 211 405 269 οἶ
428 209 535 285 μὲν
559 205 831 284 πρότερον
856 208 911 266 οἶ
936 206 997 265 δὲ
1020 205 1275 283 ὕστερον,
1304 203 1376 269 ὥς
1402 204 1518 285 ἰδίῳ
1544 206 1755 267 ἑωυτῶν
1780 206 1944 268 ἐόντι·

346 300 459 356 τῶν
484 294 593 375 ε’γῶ
622 293 773 357 εἰδῶς-
796 293 869 353 τᾶ
896 293 1179 369 οὐνόματα
1207 292 1272 352 οὗ
1297 291 1520 373 γράφω.

430 384 623 461 Μέχρι
660 382 765 458 μέν
808 406 905 441 νυν
942 379 1310 459 Ῥαμψινίτου
1351 381 1629 455 βασιλέος
1669 380 1808 441 εἶναι
1849 387 1908 443 ἐν
1927 384 2042 443 124

350 469 617 551 Αἰγύπτῳ
646 472 841 529 πᾶσαν
878 466 1138 545 εὐνομίην
1171 468 1384 549 ἔλεγον,
1419 468 1532 552 καὶ,
1548 466 1820 544 εὖθηνέειν
1852 471 1950 529 Αἵ-

294 600 303 607 ·
347 584 564 641 γυπτον
614 556 893 639 μεγάλως·
946 556 1089 634 μεταῖ
1145 556 1206 615 δὲ
1256 559 1470 625 τοῦτον,
1517 557 1951 633 βασιλεύσαντά

351 654 546 723 σφεων
587 646 789 705 Χέοπα
821 649 879 709 ἑς
922 648 1117 704 πᾶσαν
1157 642 1435 719 κακότητα
1477 644 1702 705 ἐλάσαι.
1786 672 1950 719 naq-qe

352 734 667 811 κληῒσαντα
694 732 807 814 γάρ
831 757 931 809 μιν
954 730 1139 791 πάντα
1168 730 1242 791 τοὶ
1274 730 1383 807 ἱροὶ,
1408 734 1604 809 πρῶτα
1636 733 1740 809 μέν
1765 740 1951 811 σφεας

354 821 588 882 θυσιέων
612 818 867 898 οἷπέρξαι·
908 819 1051 896 μετὰ
1082 819 1160 889 δὲ,
1190 818 1526 899 ἐργάζεσθαι
1560 822 1738 900 ἑωυτῷ
1764 820 1949 881 κελεύ-

355 933 435 968 ειν
467 906 681 971 πάντας
720 908 1074 989 Αἰγυπτίους·
1115 909 1272 965 τοῖσι
1309 906 1414 981 μὲν
1453 905 1522 982 δὴ
1564 906 1950 988 ἀποδεδέχθαι,

356 999 417 1055 ἑκ
460 999 571 1056 τῶν
610 994 976 1073 λιθοτομιέων
1016 997 1127 1054 τῶν
1168 998 1228 1054 ἐν
1272 996 1350 1071 τῷ
1389 991 1642 1073 Ἀραβίῳ
1683 994 1846 1073 οὔρεϊ,
1889 1002 1952 1057 ἑκ

353 1084 590 1143 τουτέων
615 1082 797 1142 ἕλκειν
822 1082 1017 1144 λίθους
1039 1080 1211 1160 μέχρι
1234 1083 1335 1141 τοῦ
1362 1082 1594 1140 Νείλου·
1629 1082 1951 1161 διαπεραιω-

358 1170 550 1234 θέντας
574 1170 635 1229 δὲ
656 1169 757 1231 τόν
776 1170 1031 1246 ποταμόν
1053 1169 1311 1229 πλοίοισι
1335 1167 1465 1231 τούς
1490 1169 1683 1233 λίθους
1709 1171 1952 1248 ἑτέροισι

358 1256 515 1327 ἔταξε
547 1256 884 1326 ἐκδέκεσθαι,
919 1255 1011 1315 καὶ
1043 1256 1188 1334 πρός
1218 1255 1287 1317 τό
1317 1255 1573 1332 Λιβυκόν
1609 1256 1953 1336 καλεύμενον

358 1342 503 1422 ὄρος,
544 1343 688 1421 πρός
730 1348 895 1405 τοῦτο
944 1343 1144 1404 ἕλκειν·
1194 1343 1492 1424 ἐργάζοντο
1533 1343 1594 1404 δὲ
1638 1344 1782 1406 κατὰ
1820 1345 1954 1406 δέκα

356 1430 627 1511 μυριάδας
651 1430 953 1509 ἀνθρώπων
978 1432 1085 1492 αἰεὶ
1108 1430 1215 1510 τὴν
1237 1432 1503 1509 τρίμηνον
1530 1432 1788 1511 ἑκάστην·
1818 1433 1952 1514 χρό-

355 1546 453 1582 νον
479 1520 539 1581 δὲ
561 1520 887 1602 ἐγγενέσθαι
911 1520 1229 1601 τριβομένῳ
1253 1523 1332 1598 τῷ
1355 1518 1516 1600 ἄλλῳ
1535 1524 1673 1600 λαῷ,
1694 1522 1826 1582 δέκα
1847 1524 1954 1599 μὲν

356 1610 481 1669 ἔτεα
504 1613 607 1685 τῆς
631 1608 765 1669 ὁδοῦ
784 1607 902 1676 κατ’
917 1608 989 1683 ἣν
1008 1607 1197 1668 εἷλκον
1215 1608 1345 1672 τοῦς
1363 1608 1572 1679 λίθους,
1593 1608 1697 1685 τὴν
1716 1610 1951 1687 ἔδειμαν,

358 1698 520 1779 ἔργον
545 1696 639 1757 ἑόν
666 1695 731 1757 οὗ
764 1698 965 1775 πολλῷ
986 1696 1093 1775 τέῳ
1119 1695 1373 1756 ἔλασσον
1397 1699 1498 1772 τῆς
1529 1697 1854 1775 πυραμίδος,
1885 1696 1956 1761 ὥς

357 1786 482 1863 ε’μοὶ
508 1785 735 1846 δοκέειν·
768 1784 895 1865 (τῆς
920 1782 1031 1865 γᾶρ
1055 1786 1235 1860 μῆκος
1257 1782 1362 1860 μέν
1389 1787 1501 1843 εἰσι
1524 1786 1688 1844 πέντε
1715 1784 1953 1857 στάδιοι,

358 1872 515 1950 εὖρος
548 1874 609 1933 δὲ
643 1872 777 1933 δέκα
810 1871 1047 1953 ὀργυιαὶ,
1080 1869 1221 1949 ὕψος
1255 1870 1331 1943 δὲ,
1362 1875 1435 1951 τῇ
1467 1870 1797 1949 ὖψηλοτάτη
1830 1874 1954 1933 ε’στὶ

359 1961 501 2036 αὖτή
527 1964 745 2035 {mm-⁷33,
766 1958 911 2020 όκτῶ
936 1958 1172 2040 ὀργυιαὶ,
1193 1960 1358 2019 λίθου
1382 1984 1446 2020 τε
1472 1958 1672 2028 ξεστοῦ
1693 1961 1786 2018 καὶ
1806 1960 1955 2031 ζώων

363 2046 867 2128 ἐγγεγλυμμένων)
896 2046 1070 2126 ταύτῃ
1087 2072 1152 2107 τε
1175 2046 1246 2122 δὴ
1271 2046 1344 2105 τὰ
1369 2046 1502 2105 δέκα
1527 2046 1650 2105 ἔτεα
1667 2047 1950 2127 γενέσθαι,

363 2136 457 2192 καὶ
479 2138 589 2194 τῶν
614 2134 706 2193 ἐπὶ
730 2138 833 2195 τοῦ
860 2134 1065 2209 λόφου,
1094 2133 1179 2195 ἐπ’
1209 2130 1274 2194 οὗ
1303 2137 1506 2193 ἑστᾶσι
1541 2136 1599 2193 αἶ
1633 2134 1952 2211 πυραμίδες,

360 2225 471 2281 τῶν
504 2221 615 2281 ὗπό
650 2225 761 2303 γῆν
796 2221 1122 2298 οἰκημάτων,
1149 2221 1250 2285 τοὶς
1284 2221 1530 2281 ἐποιέετο
1565 2220 1738 2297 θήκας
1779 2224 1957 2303 ἑωυτῷ

364 2313 423 2370 ἑν
446 2309 599 2389 νήσῳ
625 2308 867 2390 διώρυχα
894 2314 996 2371 τοῦ
1026 2311 1243 2370 Νείλου
1275 2308 1586 2391 ἐσαγαγών.
1652 2314 1726 2389 τῇ
1759 2310 1820 2369 δὲ
1853 2336 1955 2371 πυ-

360 2398 553 2476 ραμίδι
576 2397 718 2477 αὐτῇ,
734 2397 939 2477 χρόνον
962 2396 1227 2480 γενέσθαι
1255 2398 1463 2458 εἐίκοσι
1488 2398 1611 2457 ἔτεα
1635 2398 1952 2479 ποιευμένῃ·

359 2490 461 2562 τῆς
501 2490 625 2546 ε’στι
664 2490 925 2565 πανταχῆ
965 2486 1226 2565 μέτωπον
1265 2486 1504 2546 ἕκαστον
1549 2485 1694 2547 ὄκτῶ
1734 2488 1956 2565 πλέθρα

363 2573 562 2651 ἐούσης
584 2574 943 2656 τετραγώνου,
972 2574 1065 2633 καὶ
1096 2571 1239 2651 ὕψος
1268 2573 1416 2634 ἴσον·
1460 2574 1625 2633 λίθου
1658 2574 1718 2634 δὲ
1753 2574 1956 2644 ξεστοῦ

360 2686 424 2721 τε
462 2664 555 2722 καὶ
592 2662 953 2740 ἁρμοσμένου
989 2662 1063 2723 τὰ
1099 2661 1378 2739 μάλιστα·
1420 2660 1596 2725 οὐδεὶς
1633 2666 1744 2721 τῶν
1783 2662 1958 2722 λίθων

360 2750 658 2827 τριήκοντα
680 2751 867 2811 ποδῶν
892 2748 1176 2810 ἐλάσσων.
1241 2747 1517 2825 Ἐποιήθη
1545 2750 1605 2809 δὲ
1637 2747 1741 2809 ὦδε
1775 2748 1914 2826 αὕτη
1935 2750 2050 2809 125

359 2838 400 2914 η’
450 2838 709 2916 πυραμὶς,
764 2836 1112 2915 ἀναβαθμῶν
1161 2836 1390 2915 τρόπον·
1451 2836 1552 2901 τοὶς
1608 2837 1956 2915 μετεξέτεροι

362 2926 615 3005 κρόσσας
660 2929 716 2987 οἶ
766 2926 827 2985 δὲ
870 2926 1125 3002 βωμίδας
1171 2922 1556 3002 ὄνομάζουσι·’
1591 2923 1851 2999 τοιαύτην
1887 2922 1956 2983 vd

360 3020 582 3093 πρῶτον
607 3014 731 3074 ε’πεί
758 3038 822 3073 τε
849 3014 1120 3089 ἐποίησαν
1149 3010 1339 3088 αὐτὴν,
1367 3010 1555 3089 ἤειρον
1585 3011 1714 3073 τούς
1747 3009 1956 3069 ἐπιλοί-

360 3128 501 3167 πους
518 3104 711 3167 λίθους
732 3106 1024 3182 μηχανῇσι
1044 3100 1226 3170 ξύλων
1243 3100 1507 3179 βραχέων
1525 3098 1952 3174 πεποιημένῃσι,

359 3190 617 3271 χαμάθεν
637 3192 744 3268 μὲν
763 3191 855 3250 ἐπὶ
873 3188 972 3249 τᾶν
990 3191 1211 3266 πρῶτον
1231 3192 1465 3271 στοῖχον
1482 3188 1593 3245 τῶν
1612 3183 1960 3260 ἀναβαθμῶν

360 3278 650 3357 ἀείροντες,
676 3277 817 3341 ὅκως
842 3276 903 3336 δὲ
927 3274 1071 3335 οἷνίοι
1096 3274 1129 3336 ὁ
1154 3275 1315 3336 λίθος
1340 3272 1425 3332 ἐπ’
1450 3268 1635 3338 αὖτόν,
1663 3272 1740 3331 εἷς
1766 3270 1958 3345 ἑτέρην

508 3363 565 3410 14
