2267 3517
343 132 500 198 2-6]
1015 134 1283 186 eAAmA.
1848 135 1940 183 201

345 215 402 272 οἱ
421 210 620 288 Φάνης,
643 213 738 272 καὶ
761 212 988 294 γνώμην
1007 213 1192 278 ἱκανός
1217 212 1311 273 καὶ
1326 212 1399 274 τά
1418 214 1668 290 πολέμια
1686 211 1945 289 ἄλκιμος·

345 297 506 362 οὗτος
521 300 554 359 ὁ
571 299 756 376 Φάνης
773 301 1132 377 μεμφόμενός
1154 299 1254 360 κού
1271 326 1327 360 τι
1344 299 1576 376 Ἀμάσι,
1598 299 1945 375 ἐκδιδρήσκει

345 388 526 466 πλοίῳ
557 388 620 457 ἐξ
644 387 930 469 Αἰγύπτου
965 388 1318 465 βουλόμενος
1355 387 1651 465 Καμβύσῃ
1678 387 1862 445 ἐλθεῖν
1893 391 1950 450 ἐς

345 473 570 555 λόγους·
627 476 718 534 οἷα
764 475 824 534 δὲ
872 475 1033 534 ε’όντα
1079 473 1250 534 αὖτὸν
1298 481 1357 534 ἐν
1400 477 1555 534 τοῖσι
1603 473 1949 550 ἐπικούροισι

346 561 524 642 λόγου
559 561 625 621 οὗ
649 567 890 640 σμικροῦ
918 562 1291 638 ἐπιστάμενόν
1315 587 1379 622 τε
1409 561 1482 621 τά
1508 562 1636 638 περὶ
1661 561 1947 641 Αἴγυπτον

346 646 725 726 ἀτρεκέστατα
753 648 1077 727 μεταδιώκει
1112 648 1146 708 ὅ
1174 647 1443 725 Ἀμασις,
1475 647 1730 724 σπουδήν
1760 646 1944 708 ποιεύ-

345 761 511 812 μενος
534 740 699 797 ἔλεῖν·
734 737 1059 815 μεταδιώκει
1084 736 1161 806 δὲ,
1188 762 1300 796 των
1327 735 1598 815 εὖνούχων
1622 736 1723 796 τόν
1744 735 1945 796 πιστά·

345 849 513 884 τατον
547 823 892 888 ἀποστείλας
925 823 1137 900 τριήρεϊ
1172 850 1276 883 κατ
1318 822 1503 884 αὐτόν·
1545 850 1607 888 ος
1642 823 1813 901 αἱρέει
1846 849 1946 934 μιν

349 914 408 970 ἐν
429 913 626 990 Λυκίῃ,
653 912 794 972 ελῶν
819 912 880 971 δὲ
912 911 1011 971 ούκ
1045 910 1294 993 ἀνήγαγε
1325 916 1381 975 ἐς
1412 912 1715 991 Αἴγυπτον·
1757 891 1941 989 σοφίῃ

347 997 456 1078 γάρ
491 1024 589 1073 μιν
620 998 960 1077 περιῆλθε
928 1026 961 1058 ο
995 997 1199 1074 Φάνης·
1242 996 1634 1075 καταμεθύσας
1670 1023 1783 1078 γαρ
1818 1024 1949 1063 τους

349 1084 636 1160 φυλάκους
671 1085 1084 1154 ἀπαλλάσσετο
1127 1091 1184 1150 ἐς
1224 1086 1473 1162 Πέρσας.
1544 1084 1847 1163 ὡρμημένῳ
1883 1085 1945 1144 δὲ

350 1173 757 1249 στρατεύεσθαι
783 1172 1080 1252 Καμβύσῃ
1106 1172 1192 1232 ἐπ’
1221 1173 1507 1253 Αἴγυπτον
1532 1173 1627 1231 καὶ
1652 1170 1948 1248 ἀπορέοντι

349 1258 456 1333 τὴν
499 1260 712 1330 ἔλασιν,
759 1259 898 1324 ὅκως
942 1260 1046 1336 τήν
1092 1258 1328 1338 ἄνυδρον
1374 1259 1651 1339 διεκπερᾷ,
1696 1258 1946 1320 ἑπελθῶν

353 1345 554 1423 φράζει
607 1349 711 1424 μὲν
768 1348 860 1406 καὶ
919 1346 1110 1408 τᾶλλα
1175 1347 1249 1408 τά
1306 1346 1585 1425 Ἀμάσιος
1640 1345 1947 1428 πρήγματα

353 1434 634 1515 ἐξηγέεται
665 1435 727 1494 δὲ
767 1437 861 1494 καὶ
900 1435 1006 1511 τήν
1046 1436 1261 1508 ἔλασιν,
1300 1434 1404 1496 ὦδε
1435 1435 1763 1514 παραινέων·
1802 1435 1940 1512 πέμ·

351 1529 537 1600 ψαντα
588 1522 742 1601 παρσῖ
795 1523 896 1584 τὸν
940 1521 1228 1602 Ἀραβίων
1278 1524 1534 1600 βασιλέα
1581 1522 1808 1583 δέεσθαι
1846 1521 1953 1599 τήν
2000 1559 2039 1575 ·.

350 1608 596 1679 διέξοδόν
635 1615 690 1670 οἱ
726 1609 998 1688 άσφαλέα
1031 1615 1369 1691 παρασχεῖν.
1450 1610 1652 1690 Μούνῃ
1684 1610 1744 1669 δὲ
1777 1609 1950 1689 ταύτῃ
1966 1612 2004 1668 5

351 1698 463 1758 εἶσὶ
484 1700 724 1778 φανεραὶ
743 1698 992 1776 ἐσβολαὶ
1020 1703 1075 1762 ε’ς
1095 1700 1399 1780 Αἴγυπτον·
1428 1697 1541 1760 ‹in-6
1567 1698 1677 1780 γάρ
1697 1698 1953 1773 Φοινίκης

348 1787 516 1866 μέχρι
558 1787 735 1866 οὔρων
776 1791 888 1848 τῶν
936 1785 1212 1851 Καδύτιος
1251 1786 1467 1856 πόλιος,
1511 1785 1551 1863 ἣ
1593 1786 1716 1846 ε’στὶ
1764 1784 1953 1862 Σύρων

348 1878 459 1934 τῶν
498 1879 900 1936 Παλαιστινῶν
953 1875 1321 1951 καλεομένων·
1389 1872 1503 1934 άπο
1544 1873 1605 1932 δὲ
1660 1871 1951 1942 Καδύτιος,

351 1960 554 2038 εὀύσης
590 1961 793 2026 πόλιος
823 1962 921 2044 (ως
962 1961 1088 2039 ε’μοὶ
1124 1961 1327 2041 δοκέει)
1366 1960 1612 2038 Σαρδίων
1650 1985 1714 2018 ου
1754 1961 1954 2038 πολλῷ

352 2047 743 2119 ἐλάσσονος,’
707 2075 821 2108 απο
846 2048 1050 2124 ταύτης
1073 2075 1148 2109 τα
1175 2048 1415 2127 ἐμπόρια
1437 2047 1509 2107 τοὶ
1536 2047 1628 2106 ε’πὶ
1655 2045 1953 2120 θαλάσσης

351 2135 520 2213 μεχρι
557 2134 818 2211 Ἰηνύσου
855 2135 1056 2200 πόλιός
1102 2142 1227 2196 ε’στι
1265 2140 1365 2197 τοῦ
1403 2135 1696 2212 Αραβίου·
1738 2159 1851 2192 απο
1892 2132 1954 2191 δὲ

349 2221 624 2297 Ἰηνύσου,
680 2221 834 2293 αὖτις
885 2221 1074 2300 Σύρων
1113 2225 1285 2304 μέχρι
1338 2221 1685 2301 Σερβωνίδος
1726 2221 1944 2297 λίμνης,

351 2308 484 2387 παρ’
507 2308 579 2386 ἣν
604 2309 673 2386 δη
697 2311 763 2370 τὰ
792 2308 1074 2369 Κάσιον”
1041 2336 1171 2387 ορος
1204 2312 1369 2372 τείνει
1396 2317 1451 2375 ε’ς
1476 2310 1797 2371 θάλασσαν·
1838 2307 1952 2368 α’,πδ

352 2396 414 2456 δὲ
456 2398 802 2474 Σερβωνίδος
843 2398 1078 2474 λίμνης,
1099 2403 1160 2457 ἐν
1196 2402 1270 2476 τῇ
1311 2398 1381 2474 δη
1423 2398 1595 2480 λόγος
1635 2396 1736 2458 τόν
1778 2394 1953 2472 Τυφω

354 2483 736 2562 κεκρύφθαι,’
699 2512 814 2545 απο
838 2484 1042 2561 ταύτης
1065 2484 1173 2560 ἤδη
1200 2485 1622 2568 Αἴγυπτος.τό
1650 2484 1719 2562 δὴ
1744 2483 1953 2561 μεταξυ

351 2570 608 2648 Ἰηνύσου
632 2572 832 2637 πόλιος
865 2573 959 2632 καὶ
994 2573 1221 2633 Κασίου
1254 2599 1319 2634 τε
1354 2599 1543 2652 ουρεος
1574 2573 1667 2632 καὶ
1695 2576 1795 2648 τῆς
1820 2572 1954 2648 Σερ-

353 2659 591 2735 βωνίδος
627 2662 844 2737 λίμνης,
884 2660 975 2721 ε’ὀν
1004 2663 1173 2721 τοῦτο
1214 2659 1316 2721 ούκ
1349 2660 1547 2743 ὀλίγον
1582 2660 1788 2740 χωρίον
1822 2656 1953 2718 ἀλλ’

355 2745 495 2806 ὅσον
518 2772 581 2806 τε
607 2748 698 2806 ἐπὶ
721 2749 868 2825 τρεῖς
901 2747 1114 2825 ἡμέρας
1150 2747 1299 2818 ὁδόν,
1336 2746 1571 2825 ἄνυδρόν
1602 2752 1727 2806 ε’στι
1751 2746 1955 2810 δεινῶς.

353 2833 434 2894 Τδ
496 2834 558 2894 δὲ
615 2833 801 2917 ὀλίγοι
872 2839 983 2895 τῶν
1048 2839 1105 2900 ἐς
1162 2836 1447 2917 Αἴγυπτον
1507 2834 1953 2911 ναυτιλλομένων
1970 2831 2007 2892 6

357 2920 700 2992 ἐννενώκασι,
741 2926 908 2983 τοῦτο
959 2923 1195 3002 ἔρχομαι
1240 2923 1497 3000 φράσων·
1566 2927 1622 2986 ε’ς
1668 2922 1956 3002 Αἴγυπτον

357 3014 418 3069 ἐκ
469 3013 572 3086 τῆς
621 3009 901 3073 Ἑλλάδος
952 3010 1159 3087 πάσης,
1216 3012 1310 3070 καὶ
1360 3011 1518 3088 πρός,
1566 3015 1628 3070 ἐκ
1680 3008 1953 3082 Φοινίκης,

356 3098 594 3175 κέραμος
634 3096 898 3180 ε’σάγεται
927 3097 1151 3175 πλήρης
1191 3099 1343 3160 οἴνου
1387 3099 1469 3160 δὶς
1509 3101 1611 3158 τοῦ
1652 3095 1799 3156 ἔτεος
1833 3092 1955 3152 ἑκά-

355 3211 517 3247 στου·
587 3187 680 3246 καὶ
732 3187 792 3248 ἓν
844 3184 1108 3264 κεράμιον
1162 3185 1385 3262 οἶνηρδν
1436 3183 1651 3262 ἀριθμῷ
1702 3182 1953 3257 κείμενον

355 3272 456 3334 οὐκ
485 3275 608 3336 ἔστι
639 3274 736 3358 (ὥς
761 3272 916 3356 λόγῳ
952 3274 1146 3350 εἰπεῖν)
1176 3272 1413 3333 ἰδέσθαι.
1494 3273 1595 3330 κοῦ
1620 3267 1778 3343 δῆτα,
1809 3265 1956 3326 εἴποι

2180 3313 2211 3326 Δ
