2267 3517
349 116 443 166 276
945 116 1311 165 HPvo'ro‘r
1816 114 1944 178 [111.

350 192 610 270 φόμενος,
639 192 712 256 ὥς
735 191 804 268 δη
832 193 1082 269 α’ληθέως
1107 191 1441 271 αὐτόμολος·
1474 192 1725 269 ὁρέοντες
1750 193 1871 252 δὲ’
1835 220 1950 254 απο

349 284 462 339 τῶν
494 279 719 360 πύργων
755 282 809 339 οἶ
850 279 992 340 κατοὶ
1031 284 1200 340 τοῦτο
1240 281 1584 361 τεταγμένοι,
1619 281 1953 360 κατέτρεχον

354 367 516 438 κάτω,
537 367 632 426 καὶ
657 366 856 448 ὀλίγον
875 392 930 427 τι
949 368 1388 444 παρακλίναντες
1412 367 1515 443 τήν
1535 369 1726 444 ἑτέρην
1746 369 1951 444 πύλην,

355 455 605 531 εἶρώτεον
628 457 713 518 τίς
734 481 798 515 τε
825 457 908 532 εἴη
937 457 1030 515 καὶ
1055 455 1183 515 ὅτευ
1210 454 1467 532 δεόμενος
1490 453 1653 530 ἥκοις
1692 455 1725 515 ὁ
1752 457 1815 515 δέ
1836 470 1953 533 σφι

354 542 602 623 ἠγόρευε,
631 542 704 606 ὥς
735 544 818 620 εἴη
845 569 907 603 τε
944 542 1207 620 Ζώπυρος
1236 544 1329 602 καὶ
1358 541 1698 620 αὐτομολέοι
1734 549 1791 607 ἐς
1818 547 1951 604 ε’κεί-

355 655 500 694 νους·
540 629 682 711 ἦγον
716 629 785 707 δή
815 656 914 708 μιν
951 634 1005 690 οἶ
1040 629 1331 707 πυλουροὶ,
1362 633 1543 690 ταῦτα
1577 630 1649 693 ὦς
1682 630 1951 707 ἥκουσαν,

357 720 450 777 ε’πὶ
490 716 562 778 τὰ
613 717 770 778 κοινὰ
815 723 926 779 τῶν
971 719 1370 795 Βαβυλωνίων·
1426 718 1713 782 navam-<ie
1760 719 1819 778 δὲ
1865 721 1953 780 ἐπ’

357 804 514 876 αὐτοὶ,
543 807 912 877 κατοικτίζετο
943 805 1056 882 φὰς
1087 805 1197 866 ὖπό
1234 805 1476 881 Δαρείου
1506 807 1845 866 πεπονθέναι
1877 807 1953 868 τὰ

357 894 654 954 ἐπεπόνθεε
682 893 773 953 ὕπ’
803 898 1021 954 ἑωυτοῦ·
1061 894 1290 954 παθέειν
1316 893 1377 952 δὲ
1409 897 1604 963 ταῦτα,
1632 893 1774 954 διότι
1808 920 1952 972 συμ-

354 981 673 1059 βουλεύσοι
718 985 772 1042 οἶ
817 979 1192 1042 ἀπανιστάναι
1236 980 1342 1057 τήν
1388 981 1677 1058 στρατιήν,
1728 983 1852 1042 ἐπεί
1889 1009 1955 1044 τε

358 1069 534 1134 οὐδεὶς
570 1069 746 1146 πόρος
786 1071 1044 1144 ἐφαίνετο
1084 1073 1185 1144 τῆς
1224 1067 1487 1139 ἁλώσιος,
1516 1079 1553 1105 “
1571 1073 1668 1130 νῦν
1702 1069 1813 1140 τε,”
1840 1071 1953 1147 ἔφη

358 1159 556 1240 λέγων,
599 1169 636 1194 “
653 1156 761 1239 ε’γῶ
808 1156 956 1235 ὑμῖν,
1004 1157 1045 1216 ὦ
1097 1156 1475 1233 Βαβυλώνιοι,
1522 1157 1639 1232 ἥκω
1679 1159 1954 1239 μέγιστον

355 1245 586 1328 α’γαθόν,
634 1247 850 1325 Δαρείῳ
896 1247 956 1305 δὲ
1003 1245 1097 1304 καὶ
1141 1249 1214 1323 τῇ
1260 1249 1499 1322 στρατιῇ
1548 1247 1639 1308 καὶ
1686 1247 1955 1326 Πέρσῃσι

352 1336 623 1416 μέγιστον
643 1334 830 1396 κακόν·
871 1334 936 1394 οὗ
960 1333 1074 1416 γοῖρ
1100 1333 1169 1410 δή
1198 1335 1299 1411 ε’μέ
1319 1359 1390 1414 γε
1416 1329 1518 1392 ὧδε
1543 1334 1955 1411 λωβησάμενος

355 1422 799 1498 καταπροΐξεται·
841 1423 1147 1498 ε’πίσταμαι
1183 1420 1228 1479 δ’
1255 1419 1427 1480 αὐτοῦ
1457 1420 1647 1485 πάσας
1678 1421 1778 1486 τὰς
1814 1423 1953 1492 διεξ-

265 1511 376 1570 157
397 1509 556 1572 όδους
594 1512 706 1569 τῶν
747 1507 1200 1586 βουλευμάτων.”
1268 1512 1511 1568 Τοιαῦτα
1559 1509 1735 1591 ἔλεγε·
1792 1513 1847 1569 οἶ
1894 1511 1954 1571 δὲ

357 1595 717 1673 Βαβυλώνιοι
743 1595 990 1672 ὁρέοντες
1014 1595 1189 1673 ἄνδρα
1212 1600 1322 1656 τῶν
1341 1601 1401 1656 ἐν
1428 1597 1695 1675 Πέρσῃσι
1722 1597 1953 1676 δοκιμω-

355 1683 534 1744 τάτων
556 1682 707 1760 ῥινός
730 1708 793 1743 τε
819 1683 912 1742 καὶ
939 1682 1089 1744 ὤτων
1115 1684 1485 1761 ἐστερημένον
1509 1683 1749 1760 μάστιξί
1771 1711 1834 1745 τε
1860 1687 1954 1746 καὶ

357 1772 551 1848 αἵματι
577 1771 1050 1848 ἀναπεφυρμένον,
1071 1771 1265 1853 πάγχυ
1292 1772 1625 1835 ἐλπίσαντες
1651 1773 1837 1854 λέγειν
1854 1801 1955 1851 μιν

359 1857 576 1936 α’,ληθέα
601 1859 700 1918 καί
719 1865 833 1934 σφι
856 1858 1010 1934 ἥκειν
1035 1858 1356 1938 σύμμαχον,
1380 1860 1788 1936 ἐπιτραπέσθαι
1815 1865 1953 1922 ἑτοῖ-

357 1973 457 2024 μοι
487 1945 636 2024 ἦσαν
666 1951 777 2008 τῶν
808 1947 988 2007 ε’δέετο
1023 1948 1235 2025 σφέων·
1278 1947 1458 2007 ἐδέετο
1495 1947 1556 2006 δὲ
1592 1954 1875 2025 στρατιῆς·
1918 1949 1953 2010 ὅ

360 2035 435 2106 δὲ,
465 2037 590 2096 ε’πεί
608 2062 670 2096 τε
701 2034 880 2097 αὐτῶν
901 2039 1069 2096 τοῦτο
1095 2036 1408 2112 παρέλαβε,
1438 2035 1619 2096 ἐποίεε
1645 2037 1716 2096 τά
1746 2064 1851 2113 περ
1877 2042 1956 2117 τῷ

363 2126 577 2204 Δαρείῳ
597 2124 962 2201 συνεθήκατο.
1021 2122 1307 2205 ἐξαγαγών
1329 2123 1441 2204 γὰρ
1461 2128 1533 2202 τῇ
1554 2124 1753 2204 δεκάτῃ
1772 2125 1954 2205 ἧμέρῃ

357 2212 461 2288 τὴν
500 2212 772 2289 στρατιὴν
809 2215 920 2273 τῶν
959 2212 1353 2288 Βαβυλωνίων,
1395 2211 1487 2269 καὶ
1528 2214 1957 2290 κυκλωσάμενος

359 2298 489 2362 τούς
516 2300 736 2378 χιλίους
759 2299 890 2362 τοῦς
913 2298 1164 2376 πρώτους
1192 2299 1502 2358 ἔνετειλατο
1531 2301 1748 2379 Δαρείῳ
1772 2301 1953 2373 τάξαι,

360 2385 588 2451 τούτους
620 2386 1010 2463 κατεφόνευσε.
1077 2385 1347 2463 μαθόντες
1374 2385 1437 2445 δέ
1469 2412 1567 2463 μιν
1594 2391 1648 2447 οἱ
1680 2388 1955 2464 Βαβυλώ-

362 2499 470 2534 νιοι
492 2477 646 2534 τοῖσι
678 2476 839 2534 ἔπεσι
866 2472 937 2534 ταῖ
970 2474 1104 2555 ἔργα
1138 2472 1525 2552 παρεχόμενον
1552 2475 1736 2552 ὁμοῖα,
1762 2475 1960 2556 πάγχυ

361 2562 683 2640 περιχαρέες
719 2561 915 2631 ε’όντες,
942 2564 1055 2619 πᾶν
1084 2559 1153 2636 δὴ
1188 2564 1398 2637 ἑτοῖμοι
1432 2561 1582 2636 ἦσαν
1614 2562 1957 2639 ὑπηρετέειν·

361 2649 392 2710 ὁ
421 2649 479 2708 δὲ
505 2649 775 2710 διαλιπών
799 2648 1008 2726 ἡμέρας
1031 2647 1131 2711 τοῖς
1158 2648 1537 2729 συγκειμένας,
1562 2648 1714 2713 αὖτις
1741 2651 1961 2721 ἐπιλεξ-

361 2737 562 2813 άμενος
600 2741 710 2799 τῶν
752 2736 1126 2813 Βαβυλωνίων
1168 2735 1407 2817 ἐξήγαγε
1448 2736 1540 2795 καὶ
1581 2737 1963 2812 κατεφόνευσε

359 2829 470 2885 τῶν
512 2826 750 2902 Δαρείου
790 2825 1171 2902 στρατιωτέων
1210 2824 1338 2888 τούς
1379 2823 1709 2902 δισχιλίους·
1754 2824 1963 2890 ἰδόντες

361 2912 420 2971 δὲ
440 2913 531 2971 καὶ
549 2915 714 2972 τοῦτο
732 2912 799 2971 τό
822 2913 982 2990 ἔργον
999 2915 1052 2971 οἱ
1078 2910 1452 2988 Βαβυλώνιοι,
1469 2910 1671 2975 πάντες
1692 2911 1961 2989 Ζώπυρον

361 3000 513 3080 εἶχον
538 3005 599 3060 έν
623 3000 876 3077 στόμασι
902 2999 1190 3063 αἰνέοντες·
1231 2998 1264 3059 ὁ
1300 2998 1361 3057 δὲ
1386 2997 1537 3061 αὖτις
1564 2999 1834 3060 διαλιπών
1857 3000 1961 3064 τοὶς

363 3088 726 3168 συγκειμένας
769 3086 994 3162 ἡμέρας,
1039 3084 1278 3167 ἐξήγαγε
1327 3091 1381 3148 ές
1425 3085 1491 3144 ‘ro‘
1538 3088 1959 3163 προειρημένον·

363 3177 455 3233 καὶ
472 3174 895 3251 κυκλωσάμενος
915 3173 1291 3247 κατεφόνευσε
1308 3170 1437 3234 τους
1454 3175 1959 3251 τετρακισχιλίους·

365 3262 433 3323 οἷς
465 3263 524 3320 δὲ
563 3262 653 3320 καὶ
686 3264 852 3320 τοῦτο
886 3260 1249 3340 κατέργαστο,
1279 3257 1463 3318 πάντα
1499 3258 1567 3333 δὴ
1603 3258 1673 3333 ἦν
1705 3264 1766 3320 ἐν
1795 3264 1953 3321 τοῖσι
