2267 3517
297 122 359 169 10
891 114 1255 165 ·1=1P0A0mo¹r
1745 138 1751 143 ·
1805 119 1911 183 [1.‚

293 196 422 259 ἶδῶν
444 223 508 259 τε
534 199 712 258 ἐκεῖνα
738 195 771 256 ὅ
805 194 979 272 κήρυξ
1009 194 1102 253 καὶ
1127 194 1285 258 εἴπας
1307 192 1449 271 πρὸς
1472 191 1893 271 Θρασύβουλον

290 283 394 349 τοὶς
419 284 647 347 ἐντολὰς
663 288 764 343 τοῦ
783 283 968 342 Λυδοῦ
997 281 1220 357 α’πῆλθε
1240 287 1295 343 ἐς
1317 279 1661 362 τοὶςιΣάρὸις,
1686 279 1758 346 ὥς
1784 282 1894 364 ἐγώ

291 372 656 449 πυνθάνομαι,
703 369 771 430 δι’
819 369 976 429 οὐδὲν
1029 366 1181 428 ἄλλο
1233 369 1447 450 ἐγένετο
1499 368 1538 444 ἦ
1590 368 1895 451 διαλλαγή·

294 459 530 529 ἐλπίζων
553 458 664 539 γάρ
690 457 724 517 ὅ
748 455 1062 532 Ἀλυάττης
1085 455 1375 531 σιτοδηΐην
1400 481 1462 514 τε
1489 455 1629 515 εἶναι
1656 457 1895 535 ἰσχυρὴν

293 550 353 605 ἐν
375 549 446 623 τῇ
473 544 714 623 Μιλήτῳ
741 545 834 603 καὶ
857 543 958 604 τᾶν
985 541 1128 602 λεῶν
1152 541 1453 619 τετρύσθαι
1480 547 1535 606 ἐς
1557 540 1625 602 τᾶ
1653 544 1896 623 ἔσχατον

292 636 479 702 κακοῦ,
490 629 658 708 ἤκουε
671 636 773 691 τοῦ
792 630 1028 707 κήρυκος
1043 628 1426 705 νοστήσαντος
1444 634 1503 689 ἐκ
1518 632 1618 705 τῆς
1632 631 1895 706 Μιλήτου

290 719 422 783 τοῦς
446 718 720 783 ἐναντίους
745 715 1006 799 λόγουςῆ
1027 716 1098 780 ὦς
1123 708 1293 781 αὖτός
1316 714 1619 793 κατεδόκεε·
1652 718 1797 792 μετὰ
1816 718 1893 790 δὲ,

290 803 332 881 ἥ
354 831 418 865 τε
443 804 724 887 διαλλαγή
744 811 857 881 σφι
878 804 1094 884 ἐγένετο
1115 802 1199 863 ἐπ’
1218 801 1263 881 ᾧ
1278 828 1341 863 τε
1361 803 1567 873 ξείνους
1581 802 1897 878 ἀλλήλοισι

293 890 433 951 εἶναι
467 894 559 950 καὶ
592 892 929 970 ξυμμάχους,
971 891 1064 950 καὶ
1096 890 1195 950 δύο
1228 916 1293 950 τε
1326 889 1451 950 ἀντὶ
1484 890 1603 953 ένός
1634 891 1799 967 νηοῦς
1822 897 1895 972 τῇ

293 975 562 1058 Ἀθηναίῃ
603 976 928 1057 ᾠκοδόμησε
967 976 1001 1037 ὅ
1039 976 1351 1053 Ἀλυάττης
1394 982 1453 1036 ἐν
1489 980 1561 1056 τῇ
1600 976 1893 1057 Ἀσσησῷ,

291 1064 460 1129 αὐτός
481 1090 546 1126 τε
577 1070 636 1126 ε’κ
666 1069 768 1142 τῆς
799 1063 1004 1126 νούσου
1030 1063 1257 1141 ἀνέστη.
1340 1062 1481 1124 κατὰ
1503 1067 1607 1141 μὲν
1629 1064 1729 1125 vav
1753 1067 1893 1143 πρός

292 1154 613 1230 Μιλησίους
649 1178 713 1214 τε
753 1153 845 1213 καὶ
883 1152 1298 1229 Θρασύβουλον
1327 1150 1578 1229 πόλεμον
1610 1151 1893 1233 Ἀλυάττῃ

293 1236 399 1299 ὦδε
425 1242 579 1319 ἔσχε.
915 1252 920 1257 “

199 1326 277 1386 23
375 1326 715 1403 Περίανδρος
739 1326 798 1385 δὲ
829 1325 901 1402 ἦν
925 1326 1197 1405 Κυψέλου
1219 1328 1367 1396 παῖς,
1395 1323 1553 1390 οὗτος
1579 1324 1613 1386 ὅ
1642 1331 1720 1406 τῷ
1742 1335 1893 1406 ,Θρα-

292 1413 562 1492 συβούλῳ
601 1413 668 1473 τό
708 1411 1052 1493 χρηστήριον
1088 1412 1361 1496 μηνύσας.
1409 1411 1722 1490 ἐτυράννευε
1740 1415 1822 1475 -δὲ
1858 1416 1893 1477 ὅ

293 1500 632 1578 Περίανδρος
692 1501 990 1578 Κορίνθου.
1054 1504 1132 1579 τῷ
1181 1499 1251 1576 δή
1308 1500 1547 1581 λέγουσι
1603 1504 1893 1577 Κορίνθιοι

293 1585 698 1667 (ὁμολογέουσι
743 1587 807 1647 δέ
850 1592 963 1663 σφι
1007 1586 1278 1669 Λέσβιοι)
1322 1591 1381 1646 ἐν
1422 1590 1501 1665 τῷ
1533 1588 1655 1667 βίῳ
1699 1588 1893 1667 θῶυμα

288 1673 561 1755 μέγιστον
599 1668 970 1753 παραστῆναι,
995 1673 1223 1753 Ἀρίονα
1259 1673 1359 1733 τόν
1397 1674 1767 1751 Μηθυμναῖον
1800 1678 1892 1736 ε’πὶ

291 1759 554 1836 δελφῖνος
581 1761 953 1841 ἐξενειχθέντα
978 1763 1069 1821 ε’πὶ
1094 1762 1383 1837 Ταίναρον,
1406 1759 1567 1820 ἐόντα
1590 1762 1892 1842 κιθαρῳδὸν

288 1852 400 1909 τῶν
438 1846 567 1909 τότε
610 1848 806 1910 ἐόντων
847 1848 1063 1913 οὖδενός
1103 1847 1369 1926 δεύτερον,
1413 1846 1507 1905 καὶ
1544 1846 1893 1926 διθύραμβον

289 1939 508 2012 πρῶτον
532 1934 831 2013 ἀνθρώπων
860 1940 971 1997 τῶν
993 1936 1155 2015 ἡμεῖς
1178 1936 1336 2012 ἴδμεν
1358 1931 1676 2007 ποιήσαντά
1702 1959 1767 1994 τε
1796 1938 1891 1997 καὶ

196 2021 272 2083 24
290 2021 648 2101 ὀνομάσαντα
684 2024 778 2084 καὶ
802 2022 1106 2093 ’διδάξαντα
1146 2028 1207 2083 ἐν
1246 2020 1521 2100 Κορίνθῳ·
1558 2022 1756 2081 τοῦτον
1791 2022 1891 2085 τᾶν

288 2108 516 2188 Ἀρίονα
539 2112 792 2193 λέγουσι,
811 2110 910 2172 τᾶν
933 2111 1155 2173 πολλὰν
1178 2113 1279 2171 τοῦ
1302 2106 1508 2188 χρόνου
1533 2106 1891 2187 διατρίβοντα

288 2197 443 2275 παρὰ
474 2199 811 2277 Περιάνδρῳ,
841 2198 1183 2275 ἐπιθυμῆσαι
1213 2202 1443 2258 πλῶσαι
1467 2201 1522 2261 ἐς
1552 2194 1799 2273 Ἰταλίην
1828 2225 1890 2259 τε

292 2283 386 2340 καὶ
406 2283 685 2357 Σικελίην·
713 2282 1093 2362 ἐργασάμενον
1112 2285 1175 2343 δὲ
1195 2284 1465 2364 χρήματα
1481 2284 1707 2365 μεγάλα
1725 2287 1890 2363 θελῆ-

290 2393 392 2428 σαι
417 2367 598 2429 ὀπίσω
625 2372 680 2431 ἐς
705 2368 984 2444 Κόρινθον
1007 2368 1328 2430 ἀπικέσθαι·
1362 2369 1650 2447 ὁρμᾶσθαι
1672 2373 1776 2449 μέν
1793 2400 1890 2435 νυν

289 2458 352 2515 ἐκ
402 2446 697 2531 Τάραντος,
744 2451 1080 2515 πιστεύοντα
1127 2455 1191 2514 δὲ
1240 2454 1535 2533 οὐδαμοῖσι
1582 2463 1808 2535 μᾶλλον
1848 2460 1890 2539 ἢ

291 2541 659 2620 Κορινθίοισι,
686 2539 1093 2619 μισθώσασθαι
1110 2545 1315 2602 πλοῖον
1333 2542 1543 2620 ἀνδρῶν
1561 2548 1887 2621 Κορινθίων·

287 2628 417 2693 τούς
441 2628 502 2687 δὲ
527 2634 585 2688 ἐν
601 2634 680 2707 τῷ
701 2626 938 2710 πελάγει
960 2628 1345 2706 ἐπιβουλεύειν
1361 2628 1461 2691 τᾶν
1475 2628 1702 2707 Ἀρίονα
1721 2635 1888 2710 ε’κβα·

284 2714 494 2779 -λόντας
539 2716 684 2795 ἔχειν
726 2716 800 2777 τὰ
847 2714 1129 2796 χρήματα·
1180 2716 1281 2777 τόν
1328 2717 1389 2777 δὲ
1438 2719 1674 2779 συνέντα
1721 2724 1888 2783 τοῦτο

287 2803 618 2873 λίσσεσθαι,
670 2803 934 2884 χρήματα
983 2804 1089 2882 μέν
1130 2812 1246 2882 σφι
1291 2806 1551 2884 προϊέντα
1596 2806 1783 2899 ψυχῇν
1828 2809 1888 2870 δὲ

286 2888 737 2968 παραιτεόμενον·
765 2890 938 2953 οὔκων
952 2890 1020 2969 δὴ
1037 2893 1245 2953 πείθειν
1261 2892 1426 2955 αὗτόν
1439 2893 1707 2957 τούτοισι·
1734 2895 1889 2956 ἆλλοὶ

288 2976 532 3038 κελεύειν
549 2977 678 3043 τούς
699 2979 984 3057 πορθμέας
1007 2977 1045 3055 ἢ
1066 2979 1233 3041 αὐτὰν
1252 2980 1597 3061 διαχρᾶσθαί
1613 3008 1711 3060 μιν
1730 2982 1801 3047 ὥς
1819 2981 1888 3044 ἂν

285 3068 475 3143 ταφῆς
509 3069 568 3125 ἓν
599 3070 678 3146 γῇ
708 3064 867 3145 τύχῃ,
893 3064 931 3144 ἢ
965 3067 1207 3147 ἐκπηδᾷν
1231 3073 1288 3132 ἐς
1320 3069 1423 3144 τὴν
1459 3070 1764 3131 θάλασσαν
1784 3069 1888 3146 τὴν

283 3153 580 3231 ταχίστην·
632 3152 1003 3230 ἀπειληθέντα
1041 3154 1102 3213 δὲ
1138 3154 1238 3216 τὸν
1274 3154 1501 3233 Ἀρίονα
1540 3162 1596 3222 ἐς
1632 3156 1884 3233 ἀπορίην,

285 3237 762 3317 παραιτήσασθαι,
803 3239 992 3327 ἐπειδή
1030 3246 1143 3319 σφι
1182 3240 1323 3305 οὕτω
1361 3243 1559 3315 δοκέοι,
1599 3242 1887 3315 περιῖδέειν
