2267 3517
357 109 640 174 ηις-132]
1042 109 1269 161 mmo.
1895 108 1957 159 67

436 186 756 270 Ἀστυάγης
792 191 898 266 μέν
937 214 1034 250 νυν
1071 186 1432 266 βασιλεύσας
1476 187 1561 247 ἐπ’
1594 188 1718 247 ἔτεα
1751 187 1917 246 πέντε
1936 188 2053 245 1'30

356 275 450 335 καὶ
473 274 785 351 τριήκοντα,
808 274 947 335 οὕτω
971 279 1071 351 τῆς
1094 276 1407 352 βασιληίης
1428 272 1805 348 κατεπαύσθη·
1834 276 1960 349 Μῆ-

357 362 445 421 δοι
471 362 530 420 δὲ
555 361 842 441 ὑπέκυψαν
870 364 1137 442 Πέρσῃσι
1165 363 1255 421 διοὶ
1281 362 1385 438 τήν
1409 360 1609 423 τούτου
1634 359 1957 436 πικρότητα,

357 448 618 526 ἄρξαντες
656 454 758 525 τῆς
798 447 910 509 ἅνω
930 450 1144 513 Ἀλυος
1183 454 1439 527 ποταμοῦ
1478 447 1678 524 Ἀσίης
1714 447 1798 507 ἐπ’
1836 450 1959 507 ἔτεα

354 536 651 613 τριήκοντα
688 537 780 596 καὶ
820 538 1014 599 ἑκατὸν
1047 538 1187 598 δυῶν
1221 537 1432 607 δέοντα,
1460 537 1639 614 παρὲξ
1670 535 1707 612 ἢ
1740 535 1878 597 ὅσον
1905 540 1959 596 οἶ

357 624 568 688 Σκύθαι
593 624 789 704 ἦρχον.
856 625 1071 707 ὖστέρῳ
1097 626 1289 702 μέντοι
1314 625 1497 705 χρόνῳ
1520 623 1875 702 μετεμέλησέ
1895 624 1961 683 τέ

355 718 469 788 σφι
506 718 682 773 ταῦτα
719 712 1001 789 ποιήσασι
1041 715 1134 773 καὶ
1170 712 1502 789 ἀπέστησαν
1542 712 1654 773 ἅπὸ
1698 713 1958 789 Δαρείου·

355 800 703 865 ἀποστάντες
750 802 810 861 δὲ
850 801 1034 861 ὀπίσω
1075 800 1587 879 κατεστράφθησαν
1619 800 1777 880 μάχῃ
1810 826 1955 883 νικη-

357 888 559 953 θέντες·
603 889 731 949 τότε
765 890 823 949 δὲ
865 891 957 949 ἐπὶ
986 888 1327 971 Ἀστυάγεος
1368 892 1421 949 οἶ
1452 890 1675 965 Πέρσαι
1705 914 1767 947 τε
1800 888 1891 947 καὶ
1924 887 1957 947 ὁ

358 981 545 1055 Κῦρος
586 977 998 1042 ἐπαναστάντες
1036 982 1191 1038 τοῖσι
1224 977 1495 1052 Μήδοισι,
1536 976 1714 1056 ἦρχον
1742 975 1809 1036 τό
1844 975 1957 1037 οἷπό

355 1064 555 1124 τούτου
587 1069 688 1143 τῆς
725 1064 942 1143 Ἀσίης.
1009 1064 1332 1146 Ἀστυάγεα
1362 1065 1423 1124 δὲ
1456 1068 1641 1141 Κῦρος
1672 1062 1842 1124 κακόν
1868 1062 1958 1122 ού-

357 1151 448 1209 δὲν
481 1151 631 1212 ἄλλο
671 1151 916 1229 ποιήσας
955 1153 1069 1232 εἶχε
1098 1152 1229 1230 παρ’
1259 1155 1435 1231 ἑωυτῷ
1464 1157 1518 1214 ἐς
1549 1150 1582 1210 ὃ
1610 1150 1956 1227 ἐτελεύτησε.

359 1237 500 1297 οὕτω
525 1238 594 1314 δή
623 1244 810 1318 Κῦρος
827 1240 1121 1321 γενόμενός
1146 1266 1209 1299 τε
1230 1242 1323 1299 καὶ
1340 1239 1572 1317 τραφεὶς
1594 1239 1953 1315 ἐβασίλευσε,

357 1325 450 1383 καὶ
487 1330 741 1403 Κροῖσον
774 1326 1011 1406 ὕστερον
1042 1326 1251 1388 τούτων
1289 1326 1532 1405 ἄρξαντα
1566 1326 1776 1402 ἀδικίης
1802 1351 1957 1386 κατε-

356 1414 662 1491 στρέψατο,
704 1414 776 1478 ὥς
817 1417 1032 1492 εἴρηταί
1067 1441 1167 1491 μοι
1209 1414 1275 1475 τὸ
1319 1413 1605 1492 πρότερον,
1647 1418 1844 1475 τοῦτον
1896 1414 1957 1474 δὲ

355 1503 898 1581 καταστρεψάμενος,
928 1503 1069 1564 οὕτω
1095 1503 1283 1579 πάσης
1309 1507 1409 1579 τῆς
1433 1502 1633 1579 Ἀσίης
1656 1501 1809 1580 ἦρξε.

434 1592 664 1668 Πέρσας
679 1592 738 1651 δὲ
759 1592 884 1652 οἶδα
905 1590 1130 1669 νόμοισι
1150 1592 1338 1651 τοῖσδε
1352 1592 1712 1671 χρεωμένους·
1741 1590 1914 1672 άγάλ-
1936 1592 2045 1650 131

349 1704 501 1755 ματα
537 1681 640 1755 μὲν
667 1680 760 1740 καὶ
791 1680 954 1757 νηούς
993 1680 1082 1739 καὶ
1114 1680 1343 1755 βωμοῦς
1380 1678 1481 1739 ούκ
1514 1685 1571 1739 ἐν
1597 1678 1748 1759 νόμῳ
1773 1706 1955 1738 ποιευ-

348 1768 547 1842 μένους
602 1768 904 1846 ἱδρύεσθαι,
948 1766 1104 1827 οἷλλοὶ
1152 1767 1243 1825 καὶ
1289 1770 1444 1827 τοῖσι
1483 1771 1707 1827 ποιεῦσι
1744 1769 1955 1844 μωρίην

351 1857 704 1933 ἐπιφέρουσι,
746 1855 819 1921 ὥς
858 1859 964 1933 μὲν
1005 1856 1128 1931 ἐμοὶ
1174 1855 1368 1925 δοκέει,
1405 1854 1490 1915 ὅτι
1532 1853 1630 1913 ούκ
1671 1854 1955 1932 ἅνθρωπο-

351 1945 526 2015 φυέας
571 1944 838 2019 ἐνόμισαν
877 1942 1006 2006 τοῦς
1050 1942 1224 2014 θεοὺς,
1277 1942 1520 2019 κατάπερ
1565 1945 1618 2001 οἶ
1658 1941 1953 2017 Ἓλληνες,

352 2028 508 2088 εἶναι.
578 2034 631 2089 οἱ
671 2032 730 2089 δὲ
772 2032 1062 2107 νομίζουσι
1106 2032 1204 2090 Δι’ὶ·
1242 2032 1346 2106 μὲν
1387 2030 1477 2087 ἐπὶ
1515 2028 1587 2088 τὰ
1624 2027 1953 2105 ύψηλότατα

351 2118 461 2173 τῶν
487 2115 687 2192 οὐρέων
715 2115 1110 2193 ἀναβαίνοντες
1137 2115 1384 2199 [θυσίας]
1412 2116 1600 2193 ἕρδειν,
1622 2115 1721 2175 τόν
1748 2114 1952 2176 κύκλον

351 2201 532 2261 πάντα
562 2207 664 2263 τοῦ
696 2202 930 2281 ούρανοῦ
965 2207 1077 2264 Δία.
1118 2206 1428 2267 καλέοντες·
1484 2204 1682 2263 θύουσι
1714 2202 1774 2261 δὲ
1805 2201 1948 2281 ἡλίῳ

348 2314 412 2347 τε
453 2289 545 2348 καὶ
587 2290 802 2369 σελήνῃ
843 2291 935 2350 καὶ
973 2296 1050 2371 γῇ
1088 2293 1180 2352 καὶ
1211 2292 1341 2370 πυρὶ
1375 2290 1467 2350 καὶ
1506 2289 1663 2351 ὕδατι
1700 2290 1792 2349 καὶ
1830 2289 1950 2350 ἀνέ-

347 2403 531 2453 μοισι·
572 2377 824 2438 τούτοισι
849 2382 952 2456 μὲν
978 2380 1047 2455 δή
1075 2379 1336 2455 μούνοισι
1364 2378 1564 2439 θύουσι
1592 2377 1854 2457 ἀρχῆθεν.

427 2463 920 2543 Ἐπιμεμαθήκασι
960 2467 1018 2526 δὲ
1059 2468 1151 2525 καὶ
1192 2471 1264 2545 τῇ
1306 2465 1551 2546 Οὐρανίῃ
1593 2466 1758 2536 θύειν,
1794 2464 1949 2543 παρά

345 2576 410 2611 τε
446 2550 762 2633 Ἀσσυρίων
791 2554 1062 2630 μαθόντες
1102 2555 1196 2614 καὶ
1232 2554 1535 2631 Ἀραβίων·
1591 2555 1858 2613 καλέουσι
1888 2554 1947 2613 δὲ

345 2636 642 2719 Ἀσσύριοι
674 2640 778 2717 τήν
801 2641 1143 2719 Ἀφροδίτην
1177 2642 1457 2711 Μύλιττα,
1482 2640 1746 2720 Ἀράβιοι
1772 2641 1831 2700 δὲ
1848 2641 1947 2698 ’'A-

345 2729 526 2798 λιττα,
544 2730 768 2804 Πέρσαι
794 2729 852 2789 δὲ
881 2730 1121 2808 Μίτραν.
1181 2731 1363 2806 Θυσίη
1383 2730 1441 2789 δὲ
1467 2732 1620 2789 τοῖσι
1640 2729 1906 2807 Πέρσῃσι
1926 2729 2040 2788 132

344 2817 473 2892 περὶ
497 2815 626 2879 τοῦς
653 2817 968 2895 εἰρημένους
1005 2817 1164 2882 θεοὺς
1189 2817 1287 2893 ἥδε
1316 2817 1638 2892 κατέστηκε·
1681 2815 1808 2876 οὔτε
1831 2818 1944 2891 βω·

341 2903 481 2978 μοῦς
505 2907 788 2965 ποιεῦνται
814 2903 942 2966 οὔτε
965 2908 1078 2981 πῦρ
1098 2904 1446 2964 οἶνακαίουσι·
1471 2906 1776 2981 μέλλοντες
1796 2902 1945 2964 θύειν

343 2990 410 3050 οὗ
446 2991 667 3069 σπονδῇ
696 2994 982 3071 χρέωνται,
1017 2991 1141 3053 ούκὶ
1177 2991 1344 3071 αὐλῷ,
1378 2992 1442 3051 οὗ
1479 2993 1787 3070 στέμμασι,
1820 2990 1941 3050 οὗκὶ

341 3077 568 3157 οὐλῇσι·
619 3083 731 3140 τῶν
770 3080 830 3139 δὲ
874 3079 945 3143 ὥς
992 3079 1207 3159 ἑκάστω
1249 3080 1399 3140 θύειν
1446 3081 1615 3149 θέλει,
1662 3084 1717 3141 ἐς
1756 3081 1940 3155 χῶρον

340 3166 587 3245 καθαρόν
613 3167 839 3250 οἶγαγῶν
862 3167 930 3228 τό
966 3173 1163 3244 κτῆνος
1188 3169 1377 3230 καλέει
1400 3167 1500 3227 τόν
1527 3165 1671 3233 θεόν,
1701 3168 1939 3236 ἐστεφα-

337 3256 577 3334 νωμένος
613 3255 714 3317 τόν
744 3254 942 3334 τιάραν
978 3255 1223 3334 μυρσίνῃ
1262 3254 1536 3331 μάλιστα.
1619 3251 1796 3325 ἑωυτῷ
1833 3249 1938 3323 μὲν
