2267 3517
319 121 540 189 67—70]
886 163 893 169 .
937 157 946 165 .
1021 124 1290 174 eAAmA.
1823 126 1923 174 235

312 203 452 278 μίαν
495 203 712 264 ἰδέσθαι
749 206 861 264 τῶν
901 203 1335 284 συγκατημένων
1372 205 1663 281 γυναικῶν·
1705 204 1830 263 ἐπεί
1861 229 1925 264 τε

311 288 426 371 γάρ
477 290 724 369 τάχιστα
787 289 950 354 οὗτος
1013 289 1323 367 ὥνθρωπος,
1378 290 1535 354 ὅστις
1596 290 1726 351 κοτέ
1776 296 1918 363 ἐστι,

243 427 250 440 .
314 377 611 454 παρέλαβε
657 376 760 454 τήν
803 379 1133 454 βασιληίην,
1184 379 1463 455 διέσπειρε
1509 377 1686 456 ἧμέας
1733 377 1919 454 ἄλλην

314 463 470 544 ἄλλῃ
489 464 709 534 τάξας.”
767 465 1058 526 Ἀκοῦοντι
1084 466 1143 524 δὲ
1163 470 1337 526 ταῦτα
1362 470 1439 544 τῷ
1464 464 1675 546 Ὀτάνῃ
1693 469 1919 543 μᾶλλον
1940 469 2015 530 69

315 554 680 630 κατεφαίνετο
709 553 777 613 τό
805 558 1060 634 πρῆγμα·
1101 555 1294 630 τρίτην
1320 553 1380 612 δὲ
1411 552 1683 634 ἀγγελίην
1709 555 1918 631 ἐσπέμ-

313 665 408 699 πει
431 641 562 718 ‘xmp’
591 639 767 717 αὕτήν
792 641 1076 722 λέγουσαν
1101 645 1297 702 ταῦτα·
1331 650 1367 676 “
1386 639 1428 699 ὦ
1456 640 1712 722 θύγατερ,
1740 641 1827 702 δεῖ
1850 667 1921 703 σε

311 733 607 810 γεγονυῖαν
639 727 698 788 εὖ
727 729 976 790 κίνδυνον
1008 728 1409 806 ἀναλαβέσθαι
1437 728 1538 789 τόν
1571 726 1639 788 ἂν
1670 728 1704 788 ὁ
1734 729 1921 810 πατὴρ

312 815 569 878 ὖποδύειν
597 817 816 898 κελεύῃ·
850 821 898 877 εἰ
922 815 1032 899 γάρ
1055 818 1120 893 δὴ
1142 816 1227 894 μή
1249 823 1373 878 ἐστι
1394 815 1426 878 ὅ
1448 816 1639 895 Κύρου
1666 818 1918 897 Σμέρδις,

313 903 470 966 άλλαῖ
505 903 607 966 τόν
639 906 951 990 καταδοκέω
988 905 1114 988 ε’γῶ,
1144 903 1297 966 οὗτοι
1330 930 1430 982 μιν
1465 905 1568 965 σοί
1596 931 1660 965 τε
1694 931 1918 988 συγκοι·

310 991 565 1069 μῶμενον
585 994 677 1053 καὶ
702 993 768 1054 τὰ
797 994 1066 1070 Περσέων
1087 992 1290 1071 κράτος
1316 993 1515 1072 ἔχοντα
1542 993 1627 1053 δεῖ
1648 995 1919 1071 χαίροντα

311 1079 732 1152 ἀπαλλάσσειν,
773 1081 930 1142 άλλά
970 1082 1160 1143 δοῦναι
1200 1081 1375 1156 δίκην·
1422 1084 1519 1142 νῦν
1559 1079 1633 1142 ὧν
1672 1081 1915 1157 ποίησον

311 1167 461 1228 τάδε·
503 1169 670 1230 ἐπεάν
701 1194 800 1229 σοι
829 1169 1065 1248 συνεύδῃ
1093 1169 1187 1228 καὶ
1216 1168 1402 1247 μάθῃς
1426 1167 1602 1229 ἀὖτόν
1634 1193 1910 1230 κατυπνω·

309 1256 496 1330 μένον,
524 1255 799 1332 ἅφασσον
825 1256 994 1317 αὐτοῦ
1020 1257 1092 1317 τὰ
1124 1256 1257 1317 ὦτα·
1301 1256 1393 1316 καὶ
1422 1254 1493 1333 ἦν
1514 1258 1619 1334 μὲν
1645 1257 1913 1332 φαίνηται

313 1343 453 1422 ἔχων
487 1343 617 1415 ὦτα,
646 1344 834 1422 νόμιζε
869 1343 1117 1422 σεωυτὴν
1152 1345 1361 1422 Σμέρδι
1394 1348 1471 1424 τῷ
1502 1343 1693 1422 Κύρου
1729 1369 1912 1405 συνοι-

289 1431 475 1492 ·κέειν·
526 1431 598 1510 ἢν
643 1433 705 1493 δὲ
749 1431 832 1511 μὴ
881 1433 1038 1512 ἔχων,
1086 1433 1164 1494 σι)
1210 1433 1271 1492 δὲ
1322 1436 1401 1512 τῷ
1442 1432 1605 1514 μάγῳ
1654 1431 1913 1510 Σμέρδι.”

311 1517 642 1598 ἀντιπέμπει
673 1521 816 1598 πρὸς
849 1526 1027 1582 ταῦτα
1056 1520 1095 1597 ἦ
1121 1520 1365 1598 Φαιδίμη
1395 1521 1619 1598 φαμένη
1647 1518 1910 1582 κινδυνεύ-

309 1632 434 1669 σειν
456 1608 734 1691 μεγάλως,
755 1607 825 1685 ἢν
849 1611 986 1687 ποιῇ
1003 1612 1201 1670 ταῦτα·
1227 1605 1297 1684 ἢν
1321 1607 1433 1689 γάρ
1462 1607 1532 1685 δή
1556 1607 1639 1685 μὴ
1664 1604 1914 1690 τυγχάνῃ

223 1695 233 1703 ”
307 1695 379 1756 τοὶ
419 1695 533 1757 ὦτα
573 1699 728 1777 ἔχων,
759 1697 1112 1774 ἐπίλαμπτος
1145 1696 1205 1755 δὲ
1246 1693 1605 1773 ἀφάσσουσα
1640 1697 1815 1767 ἔσται,
1852 1700 1912 1764 εὖ

309 1785 508 1846 εἰδέναι
528 1786 600 1850 ὥς
617 1785 890 1847 α’,ἳστῶσει
907 1810 1024 1862 μιν·
1059 1783 1208 1862 ὅμως
1227 1785 1421 1860 μέντοι
1438 1783 1699 1860 ποιήσειν
1715 1787 1910 1845 ταῦτα.

310 1898 472 1950 ημεν
497 1873 564 1950 δὴ
591 1871 896 1944 υπεδέξατο
925 1876 1103 1933 ταῦτα
1132 1876 1211 1950 τῷ
1235 1873 1405 1950 πατρὶ
1440 1871 1908 1952 κατεργάσεσθαι.

307 1959 432 2040 (τοῦ
459 1961 520 2020 δὲ
544 1961 751 2042 Μάγου
775 1959 977 2021 τούτου
1005 1963 1108 2020 τοῦ
1145 1959 1415 2037 Σμέρδιος
1451 1962 1639 2035 Κῦρος
1674 1957 1708 2018 ὅ
1749 1964 1910 2035 Καμ-

305 2045 574 2123 βύσεω’ν
537 2072 724 2127 αρχων
760 2047 832 2108 τὰ
869 2047 983 2107 ὦτα
1019 2045 1263 2124 απέτεμε
1297 2045 1381 2106 ἐπ’
1408 2045 1557 2124 αἰτίῃ
1592 2043 1661 2121 δή
1701 2070 1809 2105 τινι
1844 2071 1909 2106 ου

306 2135 568 2214 σμικρῇ.)
646 2133 686 2211 ἤ
733 2133 809 2195 ὧν
854 2133 924 2210 δή
965 2135 1209 2212 Φαιδίμη
1254 2134 1412 2211 αὕτη,
1451 2159 1489 2209 η
1529 2136 1630 2193 τοῦ
1668 2131 1911 2193 Ὀτάνεω
1932 2163 1944 2176 ·

308 2219 575 2303 θυγάτηρ,
599 2222 784 2283 πάντα
811 2223 1178 2283 ἐπιτελέουσα
1198 2221 1271 2283 τοὶ
1297 2221 1601 2292 ὑπεδέξατο
1626 2224 1705 2300 τῷ
1722 2220 1909 2298 πατρὶ,

215 2327 226 2336 ’
307 2310 436 2371 ἐπεί
466 2334 532 2370 τε
568 2308 738 2387 αὐτῆς
775 2311 945 2388 μέρος
984 2311 1197 2391 ἐγίνετο
1234 2313 1337 2387 τῆς
1370 2309 1589 2379 ἀπίξιος
1624 2307 1778 2387 παραὶ
1812 2307 1912 2370 τὸν

308 2395 530 2479 Μάγον,
557 2398 642 2478 (ἐν
669 2401 982 2477 περιτροπῇ
1005 2397 1118 2479 γὰρ
1146 2397 1214 2473 δὴ
1247 2401 1307 2457 αἱ
1335 2401 1590 2480 γυναῖκες
1616 2397 1931 2474 φοιτέουσι

303 2488 461 2546 τοῖσι
481 2485 789 2566 Πέρσῃσι,)
807 2487 1060 2546 ἐλθοῦσα
1077 2484 1208 2563 παρ’
1226 2483 1397 2547 αὖτόν
1410 2483 1564 2562 ηὗδε·
1590 2485 1911 2564 ὑπνωμένου

307 2572 368 2632 δὲ
403 2577 674 2651 καρτερῶς
707 2577 809 2634 τοῦ
845 2572 1069 2654 Μάγου,
1095 2571 1337 2649 ἥφασσε
1365 2573 1439 2634 τὰ
1470 2572 1602 2634 ὦτα·
1643 2574 1911 2650 μαθοῦσα.

307 2660 368 2720 δὲ
395 2659 460 2720 οὗ
490 2664 752 2740 χαλεπῶς
782 2659 915 2720 ἀλλ’
944 2660 1209 2725 εὐπετέως
1243 2660 1342 2720 οὐκ
1375 2662 1577 2740 ἔχοντα.
1600 2661 1700 2721 τόν
1736 2659 1910 2738 ἄνδρα

307 2745 435 2818 ὦτα,
464 2747 537 2812 ὥς
564 2747 748 2826 ἤμέρη
771 2748 1019 2828 τάχιστα
1051 2747 1321 2831 ἐγεγόνεε,
1350 2749 1632 2829 πέμψασα
1664 2748 1911 2828 ἐσήμῃνε

304 2838 383 2915 τῷ
407 2835 580 2912 πατρὶ
606 2835 678 2895 τὰ
702 2835 994 2918 γενόμενα.

383 2921 454 2982 ‘O
497 2923 556 2984 δὲ
595 2921 836 3000 Ὀτάνης
873 2923 1229 3002 παραλαβών
1266 2921 1619 3002 Ἀσπαθίνην
1659 2923 1752 2984 καὶ
1792 2930 1905 2983 Γω-
1924 2923 2001 2984 70

303 3010 506 3089 βρῦην,
527 3011 797 3089 Περσέων
821 3037 886 3072 τε
909 3010 1159 3088 πρώτους
1186 3009 1379 3076 ἐόντας
1405 3012 1497 3072 καὶ
1525 3015 1702 3090 ἑωυτῷ
1725 3016 1906 3086 ἐπιτη-

306 3098 607 3162 δεωτάτους
633 3102 690 3162 ἐς
714 3098 925 3168 πίστιν,
953 3097 1291 3180 ἀπηγήσατο
1323 3103 1437 3159 πᾶν
1460 3097 1526 3158 τὸ
1559 3103 1811 3178 πρῆγμα·
1854 3098 1909 3157 οἶ

305 3186 368 3246 δὲ
402 3186 497 3246 καὶ
527 3185 688 3248 αὐτοὶ
718 3184 828 3265 ἄρα
859 3184 1173 3246 ὖπόπτευον
1213 3185 1356 3246 οὕτω
1388 3189 1555 3245 τοῦτο
1591 3186 1753 3264 ἔχειν,
1789 3183 1909 3244 οἷνε-

305 3274 587 3340 νείκαντος
613 3274 673 3336 δὲ
703 3276 806 3346 τρῦ
831 3271 1076 3333 Ὀτάνεω
1102 3273 1233 3338 τοῦς
1267 3272 1471 3352 λόγους
1503 3271 1775 3340 ἐδέξαντο·
1817 3271 1910 3330 καὶ
