2267 3517
1007 142 1337 199 LECTORI.
1948 135 2017 187 vii

325 285 532 343 deinde
563 280 724 337 Oasis
757 276 1076 340 Ammonis3
1108 273 1259 329 unde
1288 287 1463 343 usque
1498 269 1571 327 ad
1600 268 1721 325 loca
1750 266 2021 323 Tritonidi

322 378 446 431 lacu
475 375 653 429 vicina
675 373 792 427 sine
814 386 1010 439 magno
1036 368 1229 423 labore
1260 364 1537 437 perveniri
1572 362 1789 433 potuit;
1824 362 2019 417 saltem

321 464 710 539 immaniajsta
733 463 982 517 Arabum
1005 461 1257 515 examina
1279 474 1420 528 quae
1442 457 1573 511 indo
1595 472 1629 510 a
1646 457 1881 525 septimo
1894 460 2021 525 post

325 560 606 617 Christum
627 556 807 612 seculo
825 554 1069 610 Africam
1087 551 1571 622 septentrionalem
1589 554 1901 617 tenuerunt,
1919 550 2023 605 hac

325 658 484 725 parte
514 652 778 721 irrupisse
807 651 1038 704 constat.
1109 648 1193 703 At
1224 646 1369 701 enim
1398 649 1591 715 postea
1622 662 1791 714 quam
1822 661 1913 699 res
1942 644 2023 698 in-

324 744 540 802 ferioris
553 742 796 813 Aegypti
813 756 1060 797 crescere
1075 742 1391 807 coeperunt,
1406 738 1791 793 obsoleverunt
1804 742 2025 793 terrena

325 835 678 900 commercia3
709 836 868 889 tanto
889 836 1014 889 erat
1034 832 1369 887 commodius
1390 833 1597 902 cymbis
1620 851 1784 905 quam
1806 833 2025 889 camelis

328 931 428 987 uti.
503 927 826 983 Memoriam
847 930 1034 981 tamen
1056 926 1373 981 nonnullam
1394 929 1573 981 status
1594 926 1795 996 prioris
1816 925 2027 995 magnis

328 1022 854 1091 rerumpublicarum
911 1020 1311 1076 mutationibus
1378 1022 1728 1091 superbiisse,
1786 1024 2029 1075 testatur

331 1116 550 1186 mythus
590 1116 698 1169 iste
743 1112 972 1183 insignis
1018 1114 1092 1167 de
1143 1114 1593 1183 Argonautarum
1639 1129 1765 1169 cum
1806 1112 2029 1167 Tritone

329 1208 436 1263 deo
457 1208 729 1261 conventu
755 1218 918 1275 quem
943 1192 1218 1259 Pindarus
1242 1207 1647 1259 commemorat.

439 1298 592 1363 Quae
623 1311 728 1365 per
763 1294 956 1351 Asiam
987 1296 1311 1350 commercia
1334 1295 1556 1366 fiebant,
1579 1295 1668 1350 vel
1700 1296 1775 1351 ad
1810 1293 2031 1362 Sardes,

331 1392 421 1449 vel
444 1390 518 1445 ad
535 1390 774 1459 Sinopen
798 1387 1122 1443 confluxisse
1144 1388 1419 1445 videntur.
1476 1390 1571 1446 Ab
1592 1390 1694 1445 hac
1717 1390 1791 1445 ad
1810 1389 2031 1443 Phasim

333 1502 509 1555 usque
545 1499 714 1539 verno
746 1486 998 1553 tempore
1031 1482 1169 1537 velis
1200 1482 1593 1551 navigabatur3
1632 1482 1766 1538 inde
1804 1499 1915 1537 non
1952 1484 2035 1537 ita

333 1598 530 1650 magno
577 1578 780 1635 montis
815 1578 958 1648 jugo
1003 1578 1267 1647 plaustris
1312 1582 1585 1647 superate,
1626 1578 1781 1633 novis
1824 1578 2033 1646 cymbis

334 1674 624 1743 impositae
653 1688 866 1727 merces
895 1671 1118 1726 flumine
1152 1672 1293 1740 Cyro
1320 1671 1379 1725 in
1408 1686 1561 1725 mare
1595 1670 1853 1741 Caspium
1884 1669 2035 1727 defe-

333 1766 616 1821 rebantur.
678 1766 802 1820 Hac
824 1766 1036 1821 ratione
1059 1764 1147 1820 vel
1171 1765 1229 1820 in
1259 1766 1553 1835 Bactriani,
1574 1766 1661 1821 vel
1692 1766 1749 1820 in
1774 1766 2035 1835 Mediam,

334 1863 500 1929 prout
545 1860 688 1914 ratio
735 1858 1068 1929 postulabat,
1114 1861 1397 1915 commode
1442 1864 1669 1916 ventum
1714 1864 1818 1916 est.
1888 1861 2035 1916 Cave

334 1955 520 2006 autem
553 1954 716 2019 putes
748 1949 987 2005 Graecos
1020 1950 1271 2007 homines
1300 1952 1625 2007 alterutram
1659 1951 1854 2006 harum
1892 1953 2037 2021 regi-

335 2060 500 2098 onum
533 2044 679 2111 ipsos
708 2042 863 2098 adire
889 2043 1151 2113 potuisse.
1221 2043 1501 2099 Credibile
1526 2048 1615 2099 est
1648 2045 1710 2099 id
1738 2044 2039 2101 solenniter

335 2136 544 2194 factum
580 2151 700 2189 esse
739 2136 888 2204 quod
919 2135 1086 2190 hodie
1129 2135 1279 2205 apud
1310 2134 1575 2189 barbaras
1607 2139 1803 2204 gentes
1833 2138 2037 2205 passim

337 2228 590 2283 obtinere
613 2225 878 2295 videmus,
895 2244 1094 2299 nempe
1115 2228 1337 2297 regulos
1360 2244 1529 2297 penes
1548 2244 1685 2297 quos
1709 2228 1785 2283 sit
1806 2228 2040 2284 facultas

336 2320 817 2393 peregrinantibus
873 2322 1194 2391 obsistendi,
1242 2322 1389 2391 ipsos
1447 2326 1814 2377 mercatorum
1865 2322 2039 2378 vicem

338 2415 494 2470 obire
539 2412 718 2482 malle,
762 2414 972 2469 scilicet
1009 2417 1074 2469 ut
1121 2415 1429 2484 monopolio
1476 2416 1793 2481 constituto,
1833 2415 2041 2469 certius

337 2511 400 2562 et
433 2506 598 2561 citius
623 2507 723 2572 (uti
751 2507 1114 2574 arbitrantur)
1142 2507 1433 2562 ditescant.
1496 2509 1681 2577 Aegre
1710 2507 2041 2562 crediderim

337 2599 554 2668 longius
579 2616 745 2669 quam
769 2600 1006 2669 Phasim,
1028 2599 1117 2655 vel
1148 2600 1222 2654 ad
1250 2618 1521 2656 summum
1547 2618 1711 2671 quam
1741 2602 2043 2669 Sarapano-

340 2710 466 2747 rum
482 2692 786 2747 Castellum
806 2693 988 2761 (hodie
1006 2693 1391 2763 Scharopam)
1411 2694 1515 2748 hac
1530 2695 1755 2763 regione
1772 2695 2043 2749 Nostrum

345 2786 692 2855 processisse.

451 2878 507 2929 A
540 2876 804 2933 Sardibus
841 2877 914 2933 ad
953 2878 1119 2933 Susas
1155 2895 1333 2949 usque
1368 2878 1583 2935 munita
1620 2884 1743 2937 erat
1782 2882 1873 2937 via
1904 2896 2046 2951 quae

343 2966 676 3025 militaribus
719 2971 910 3025 usibus
955 2971 1219 3026 inservire
1265 2976 1467 3042 posset,
1503 2974 1743 3028 castellis
1776 2970 1883 3028 huc
1915 2974 2047 3029 illuc

344 3060 554 3131 positis.
623 3062 708 3117 Ex
754 3063 841 3117 his
887 3063 1102 3134 insigne
1142 3066 1452 3135 exemplum
1492 3067 1763 3136 praebent
1802 3067 2045 3133 clitella,

345 3171 456 3225 quo
488 3157 806 3212 convenisse
853 3158 1046 3213 scribit
1081 3157 1288 3212 Noster
1322 3156 1525 3213 Xerxis
1559 3160 1757 3228 copias,
1789 3173 1912 3211 cum
1948 3173 2047 3210 rex

345 3247 456 3303 iste
483 3247 752 3305 Graeciae
780 3248 988 3305 bellum
1017 3247 1363 3305 intendebat.
1435 3249 1557 3303 Sita
1586 3250 1759 3303 fuisse
1789 3247 2049 3302 videntur
