2267 3517
320 150 536 215 61--64J
993 149 1262 199 eAAmA.
1812 147 1911 196 231

315 231 610 292 τεθνεῶτες
650 227 970 298 ἀνεστέασι,
995 226 1307 304 προσδέκεό
1342 251 1433 287 τοι
1470 225 1563 285 καὶ
1594 223 1917 306 Ἀστυάγεα

315 317 417 378 τὸν
448 317 650 393 Μῆδον
683 315 1201 391 ἐπαναστήσεσθαι·
1246 318 1293 373 εἰ
1328 313 1373 373 δ’
1410 314 1533 373 ἔστι
1572 311 1763 389 ὥσπερ
1804 311 1915 389 πρὸ

325 409 436 476 τοῦ,
466 405 531 464 οὗ
569 405 652 482 μή
691 431 748 464 τι
786 429 875 464 τοι
911 405 974 462 ἔκ
1013 429 1081 484 γε
1122 401 1329 463 ἐκείνου
1369 399 1633 477 νεώτερον
1664 399 1915 476 ἀναβλα-

319 492 544 568 στήσει.
627 496 724 553 νῦν
783 490 856 552 ὦν
912 516 1012 568 μοι
1075 490 1269 560 δοκέει,
1323 487 1763 566 μεταδιώξαντας
1816 487 1919 548 τᾶν

321 580 532 657 κήρυκα
566 579 836 651 ἐξετάζειν
872 581 1222 655 εἰρωτεῦντας
1250 574 1380 654 παρ’
1406 574 1531 635 ὅτευ
1568 573 1717 651 ἥκων
1746 601 1917 652 προα-

319 668 536 748 γορεύει
575 667 712 744 ημῖν
753 667 1024 744 Σμέρδιος
1061 666 1342 742 βασιλέος
1386 663 1604 723 ἀκούειν
1621 661 1669 732 ;”
1730 669 1919 723 Ταῦτα
1936 665 2010 724 63

323 757 576 818 εἴπαντος
607 751 1066 832 Πρηξάσπεος,”
1027 779 1201 830 ηρεσε
1234 779 1345 834 γαρ
1356 750 1726 864 Καμβύσῃ,
1725 751 1921 811 αὐτίκα

321 844 689 919 μεταδίωκτος
725 842 1022 924 γενόμενος
1059 841 1093 902 ὁ
1137 839 1383 918 κῆρυξ’
1344 866 1467 917 ηκε·
1514 839 1820 921 ἀπιγμένον
1859 840 1923 899 δέ

322 956 419 1005 μιν
455 931 632 1008 ε’ίρετο
668 929 700 991 ὁ
727 931 1080 1008 Πρηξάσπης
1113 928 1265 987 τάδε·
1306 938 1341 964 “
1358 925 1633 1004 ωνθρωπε,
1662 927 1776 1006 φῂς
1808 927 1919 1008 γοὶρ

322 1017 476 1092 ἥκειν
519 1017 674 1095 παροῖ
715 1017 984 1096 Σμέρδιος
1027 1019 1128 1077 τοῦ
1178 1014 1368 1092 Κύρου
1408 1013 1665 1096 ἅγγελος,
1707 1020 1807 1076 νῦν
1847 1015 1921 1076 ὧν

326 1106 483 1170 εἶπας
507 1131 613 1181 την
645 1105 922 1182 ἀληθηιην
952 1102 1113 1164 ἄπιθι
1147 1104 1375 1183 χαίρων·
1416 1102 1617 1180 κότερα
1644 1101 1809 1165 αὐτός
1832 1128 1921 1162 τοι

327 1194 563 1270 Σμέρδις
590 1193 976 1270 φαινόμενος’
951 1218 1006 1255 ες
1031 1190 1163 1268 ὅψιν
1190 1191 1509 1251 ἐνετέλλετο
1533 1194 1723 1259 ταῦτα,
1750 1188 1789 1266 ἢ
1813 1194 1925 1250 τῶν

324 1305 410 1343 τις
452 1282 660 1341 ἐκείνου
699 1280 1044 1356 ύπηρετέων·
1030 1325 1046 1348 ,
1133 1307 1167 1338 ο
1207 1279 1269 1338 δὲ
1308 1278 1446 1337 εἶπε·
1496 1277 1645 1359 “ε’γω
1686 1277 1923 1356 Σμέρδιν

325 1370 430 1445 μὲν
452 1368 554 1428 τόν
587 1367 794 1445 Κύρου,
825 1365 942 1437 ἐξ”
909 1392 1041 1427 οτου
1065 1365 1348 1443 βασιλευς
1388 1364 1715 1442 Καμβύσης
1738 1363 1923 1441 ἤλασε

329 1461 384 1519 ἐς
422 1453 725 1537 Αἴγυπτον,
769 1453 834 1516 οὔ
873 1481 950 1515 κω
990 1453 1209 1514 ὅπανπα·
1257 1483 1290 1514 ο
1330 1455 1394 1514 δέ
1428 1480 1527 1531 μοι
1566 1453 1783 1536 Μάγος,
1822 1453 1924 1514 τόν

327 1543 654 1621 Καμβύσης
707 1542 1006 1620 ἐπίτροπον
1057 1546 1170 1602 τῶν
1228 1543 1410 1603 οἰκίων
1463 1541 1707 1612 ἀπέδεξε,
1764 1539 1924 1606 οὗτος

324 1635 500 1692 ταῦτα
528 1631 860 1702 ἐνετείλατο,
888 1629 1003 1706 φάς
1040 1629 1279 1707 Σμέρδιν
1309 1629 1411 1690 τὸν
1444 1630 1634 1707 Κύρου
1662 1630 1801 1692 εἶναι
1824 1629 1923 1692 τόν

263 1736 288 1744 ”
325 1723 502 1780 ταῦτα
529 1721 854 1796 ἐπιθέμενον
881 1718 1034 1776 εἶπαι
1059 1717 1201 1794 πρός
1226 1715 1449 1794 ύμέας.”
1528 1716 1561 1777 o‘
1585 1720 1691 1794 μὲν
1716 1716 1786 1794 δή
1812 1725 1925 1795 σφι

328 1807 486 1889 ἔλεγε
519 1807 678 1868 οὐδὲν
718 1803 1274 1884 ἐπικατεψευσμένος·
1317 1805 1643 1882 Καμβύσης
1682 1805 1741 1864 δὲ
1780 1806 1918 1866 εἶπε·

327 1905 365 1932 “
380 1895 742 1972 Πρήξασπες,
779 1893 856 1954 σι)
892 1896 996 1970 μὲν
1031 1893 1124 1953 οἶα.
1160 1891 1301 1970 ἀνήρ
1338 1891 1548 1974 ἀγαθὸς
1576 1893 1819 1968 ποιήσας
1856 1893 1925 1954 τό

328 1983 693 2060 κελευόμενον
734 1983 914 2059 αἰτίην
955 1981 1319 2062 ἐκπέφευγας·
1362 1981 1487 2056 ἐμοὶ
1520 1980 1581 2038 δὲ
1613 1981 1699 2042 τίς
1736 1978 1805 2039 ἂν
1840 1983 1925 2057 εἴη

329 2070 600 2147 Περσέων
639 2069 673 2130 ὁ
715 2069 1074 2140 ἐπανεστεῶς,
1115 2067 1462 2144 ἐπιβατεύων
1511 2070 1611 2127 τοῦ
1658 2067 1925 2144 Σμέρδιος

331 2155 634 2233 οὐνόματος
650 2155 699 2226 ;”
740 2157 772 2218 ὅ
799 2157 860 2216 δὲ
888 2157 1025 2216 εἵπε-
1068 2166 1104 2194 “
1122 2155 1231 2238 ἐγώ
1260 2180 1359 2233 μοι
1392 2153 1561 2214 δοκέω
1589 2154 1834 2215 συνιέναι
1856 2154 1925 2216 τό

328 2243 560 2324 γεγονὸς
609 2247 795 2315 τοῦτο,
837 2243 880 2302 ὦ
918 2246 1188 2321 βασιλεῦ·
1257 2246 1311 2304 οἱ
1350 2243 1544 2325 Μάγοι
1590 2245 1707 2303 εἰσί
1743 2269 1833 2303 τοι
1872 2246 1929 2303 οἱ

331 2336 748 2402 ἐπανεστεῶτες,
775 2331 876 2392 τόν
905 2358 968 2391 τε
1003 2334 1191 2394 ἔλιπες
1227 2331 1539 2408 μελεδωνόν
1576 2336 1686 2392 τῶν
1726 2332 1924 2403 οἰκίων,

332 2420 684 2495 Πατιζείθης,
714 2421 806 2479 καὶ
833 2419 866 2479 ὁ
889 2418 1090 2480 τούτου
1125 2419 1403 2496 ἀδελφεὰς
1438 2419 1727 2497 Σμέρδις.”
1806 2417 1924 2480 Ἐν·
1945 2421 2019 2480 64

333 2505 510 2564 θαῦτα
561 2505 882 2567 ἀκούσαντα
935 2507 1263 2585 Καμβύσεα
1305 2507 1373 2566 τό
1412 2507 1681 2584 Σμέρδιος
1720 2507 1928 2586 οὔνομα

334 2591 498 2669 ἔτυψε
521 2592 559 2669 ἦ
585 2593 830 2670 ἀληθηῒη
857 2598 966 2655 τῶν
990 2620 1054 2655 τε
1083 2594 1271 2675 λόγων
1308 2595 1399 2654 καὶ
1422 2598 1522 2654 τοῦ
1556 2597 1827 2656 ἐνυπνίου·
1868 2596 1931 2660 ὃς

334 2677 516 2738 ἐδόκεε
543 2684 601 2739 ἐν
639 2684 716 2758 τῷ
751 2679 902 2760 ὕπνῳ
942 2681 1290 2764 ἀπαγγεῖλαί
1318 2681 1445 2742 τινά
1485 2685 1555 2752 οἳ,
1588 2682 1661 2746 ὥς
1696 2683 1933 2761 Σμέρδις

336 2765 584 2842 ἱζόμενος
610 2771 666 2831 ἐς
691 2767 790 2828 τᾶν
807 2769 1119 2845 βασιλήϊον
1142 2769 1340 2847 θρόνον
1361 2767 1596 2847 ψαύσειε
1613 2773 1687 2848 τῇ
1706 2775 1931 2851 κεφαλῇ

336 2855 438 2912 τοῦ
479 2852 733 2931 ούρανοῦ·
773 2855 968 2932 μαθών
1005 2857 1066 2915 δὲ
1106 2855 1179 2920 (εἷς
1216 2856 1401 2934 μάτην
1438 2855 1809 2922 ἀπολωλεκώς
1846 2859 1932 2934 εἴη

331 2940 432 3000 τὸν
458 2940 756 3017 ἀδελφεὸν,
784 2941 1054 3003 ἀπέκλαιε
1081 2943 1338 3022 Σμέρδιν,
1360 2941 1727 3010 ἀποκλαύσας
1754 2946 1813 3004 δὲ
1840 2945 1932 3004 καὶ

333 3028 782 3107 περιημεκτήσας
814 3034 886 3109 τῇ
920 3029 1116 3110 ἀποίσῃ
1153 3035 1425 3110 συμφορῇ
1464 3031 1809 3110 ἀναθρώσκει
1840 3031 1933 3090 ἐπὶ

332 3116 433 3177 τόν
489 3117 677 3200 ἵππον,
725 3122 784 3178 ἐν
831 3116 939 3196 νόῳ
985 3121 1124 3197 ἔχων
1170 3119 1274 3194 τήν
1325 3121 1603 3198 ταχίστην
1642 3123 1698 3180 ἐς
1738 3121 1935 3182 Σοῦσα

333 3205 744 3282 στρατεύεσθαι
777 3206 868 3266 ἐπὶ
893 3204 991 3266 τόν
1027 3207 1251 3288 Μάγον·
1294 3207 1391 3264 καί
1425 3209 1479 3265 οἱ
1520 3205 1934 3282 ἀναθρώσκοντι

335 3293 428 3352 ἐπὶ
476 3293 577 3356 τόν
628 3294 818 3365 ἵππον,
865 3298 969 3354 τοῦ
1017 3297 1253 3355 κουλεοῧ
1296 3296 1400 3352 τοῦ
1446 3291 1639 3366 ξίφεος
1683 3291 1717 3350 ὅ
1758 3292 1937 3369 μύκης
