2267 3517
287 106 319 165 8
491 98 508 111 ”
882 112 1249 167 mmmmm·
1514 162 1519 166 ,
1806 111 1879 176 [1.

281 210 385 247 σεν
413 188 538 248 ἔτεα
561 188 822 251 δυώδεκα·
855 190 1216 267 Σαρδυάττεω
1242 190 1303 251 δὲ
1324 189 1655 268 Ἀλυάττης.
1720 187 1884 255 οὗτος

282 274 344 335 δὲ
376 274 648 354 Κυαξάρῃ
673 302 735 336 τε
761 279 840 355 τῷ
875 276 1124 353 Δηιόκεω
1156 276 1413 359 α’πογόνω
1444 279 1765 355 ἐπολέμησε
1790 277 1883 339 καὶ

282 362 557 439 Μηδοισι·
610 364 957 451 Κιμμερίους
1005 390 1070 425 τε
1121 370 1184 425 ἐκ
1228 369 1329 443 τῆς
1373 365 1571 443 Ἀσίης
1616 364 1879 441 ἐξήλασε·

280 449 545 528 Σμύρνην
568 476 632 512 τε
655 450 761 528 τὴν
785 450 900 512 ἀπο
927 454 1277 529 Κολοφῶνος
1302 454 1631 514 κτισθεῖσαν
1658 452 1791 512 εἷλε·
1825 456 1882 517 ἐς

282 537 651 615 Κλαζομενάς
675 563 738 598 τε
765 539 1033 616 ἐσέβαλε·
1065 538 1183 601 α’πο
1210 541 1315 618 μέν
1338 566 1435 603 νυν
1451 538 1660 601 τούτων
1684 538 1783 600 οὐκ
1807 565 1882 605 ως

277 623 450 701 ἤθελε
473 624 786 707 οἷπήλλαξε,
811 625 969 689 ἄλλα
993 628 1393 705 προσπταίσας
1416 625 1693 709 μεγάλως·
1724 618 1879 687 ολλα

278 710 340 771 δὲ
361 712 508 797 ’ἔργα
541 710 848 783 ἀπεδέξατο
884 713 987 777 ἐιόν
1011 719 1071 775 ἐν
1099 718 1175 795 τῇ
1209 714 1358 796 ἀρχῇ
1389 713 1879 797 ἀξιαπηγητότατα

183 796 261 862 17
275 798 428 860 τάδε·
478 798 842 879 Ἐπολέμησε
891 802 1255 878 Μιλησίοισι,
1295 803 1741 881 παραδεξάμενος
1777 800 1879 863 τᾶν

276 886 532 965 πόλεμον
561 888 715 966 παρὰ
746 893 849 950 τοῦ
884 889 1114 967 πατρός.
1196 889 1511 951 ἐπελαύνων
1536 889 1656 970 ’γὰρ
1688 892 1877 951 ἐπολι-

272 972 431 1052 όρκεε
455 975 560 1051 τὴν
588 976 854 1053 Μίλητον
878 976 1066 1056 τρόπῳ
1090 978 1301 1055 τοιῷδε·
1330 977 1469 1043 ὅκως
1492 979 1598 1055 μὲν
1622 977 1707 1055 εἴη
1727 980 1785 1038 ἐν
1802 980 1875 1057 τῇ

270 1065 350 1144 γῇ
371 1062 583 1141 καρπός
607 1062 790 1141 ἁδρᾶς,
817 1068 1118 1140 τηνικαῧτα
1145 1065 1436 1141 ἐσέβαλλε
1457 1065 1561 1141 τήν
1584 1064 1874 1144 στρατιήν·

274 1151 636 1228 ἐστρατεύετο
673 1150 802 1211 δὲ’
766 1176 880 1212 υπο
913 1151 1197 1233 συρίγγων
1231 1178 1295 1212 τε
1330 1153 1422 1213 καὶ
1456 1152 1750 1229 πηκτίδων,
1781 1153 1876 1213 καὶ

272 1237 451 1298 αύλου
474 1239 794 1320 γυναικηιου
816 1264 882 1300 τε
913 1240 1008 1299 καὶ
1037 1240 1317 1317 α’νδρηΐου·
1358 1266 1432 1305 ως
1456 1240 1575 1301 δὲ’
1548 1266 1604 1305 ες
1632 1239 1738 1319 τὴν
1763 1246 1872 1301 Μι·

270 1326 482 1401 λησίην
520 1325 796 1398 ἀπίκοιτο,
837 1327 1114 1404 οἰκήματα
1152 1330 1257 1404 μὲν
1293 1327 1368 1389 τοὶ
1409 1329 1502 1389 ἐπὶ
1537 1332 1651 1391 τῶν
1687 1327 1878 1410 ἅγρων·

271 1410 401 1473 ουτε
425 1414 749 1491 κατέβαλλε
779 1412 906 1474 οὔτε
935 1414 1245 1492 ἐνεπίμπρη
1272 1413 1402 1475 οὔτε
1428 1414 1659 1494 θύρας’
1621 1418 1872 1487 απέσπα,

271 1500 337 1561 ἔα
361 1499 422 1559 δὲ
451 1524 591 1561 κατα
617 1500 805 1580 χώρην
832 1500 1151 1583 ἑστάμεναι·
1192 1528 1226 1562 ο
1210 1500 1314 1562 ’δὲ
1338 1500 1411 1562 τά
1436 1527 1499 1563 τε
1530 1502 1755 1580 δένδρεα
1779 1505 1872 1563 καὶ

222 1598 227 1603 ’
269 1586 371 1648 τᾶν
396 1586 611 1665 κῳπόν
629 1586 730 1648 τόν
755 1593 815 1649 ἐν
839 1591 914 1667 τῇ
937 1592 1014 1668 γῇ
1033 1588 1174 1653 ὅκως
1198 1588 1551 1666 διαφθείρειε,
1568 1588 1871 1651 ἀπαλλάσ-

267 1700 405 1735 σετο
431 1674 634 1735 ὀπίσω·
665 1678 768 1752 τῆς
791 1674 902 1758 γάρ
931 1674 1233 1753 θαλάσσης
1262 1680 1318 1737 οἳ
1344 1675 1627 1753 Μιλήσιοι
1645 1677 1871 1755 ἐπεκρά-

266 1788 412 1833 τεον,
441 1760 588 1823 ὥστε
623 1762 854 1840 ἐπέδρης
887 1761 970 1839 μὴ
1002 1762 1142 1823 εἶναι
1174 1764 1337 1843 ἔργον
1365 1766 1439 1842 τῇ
1470 1767 1730 1843 στρατιῇ·
1768 1763 1899 1831 τὰς,

266 1849 328 1909 δὲ
363 1848 540 1913 οἰκίας
576 1847 642 1909 ού
674 1850 998 1926 κατέβαλλε
1031 1847 1065 1910 ὅ
1092 1848 1275 1914 Λυδός
1302 1851 1473 1912 τῶνδε
1509 1850 1704 1921 εἵνεκα,
1731 1850 1869 1917 ὅκως

268 1937 448 2016 ἔχοιεν
479 1936 729 1998 ἐνθεῦτεν
759 1934 1101 2015 ὅρμεῶμενοι
1134 1936 1242 2013 τήν
1263 1940 1375 2019 γῆν
1404 1938 1656 2015 σπείρειν
1679 1963 1742 1999 τε
1774 1940 1869 1999 καὶ

267 2024 601 2107 ἐργάζεσθαι
617 2026 672 2085 οἶ
687 2022 986 2100 Μιλήσιοι,
1001 2022 1170 2088 αὗτός
1185 2025 1245 2085 δὲ
1260 2024 1477 2086 ἐκείνων
1490 2026 1868 2105 ἐργαζομένων

174 2113 248 2172 18
267 2113 387 2191 ἔχοι
409 2138 468 2173 τι
493 2113 587 2173 καὶ
612 2112 874 2175 σίνεσθαι
897 2110 1229 2189 ἐσβάλλων.
1294 2116 1482 2173 Ταῦτα
1507 2114 1710 2176 ποιέων
1735 2119 1866 2176 ἐπο-

265 2199 434 2276 λέμεε
455 2201 579 2260 ἔτεα
599 2199 808 2261 ἕνδεκα·
841 2202 901 2261 ἐν
919 2202 1073 2261 τοῖσι
1095 2200 1362 2278 τρώματα
1380 2199 1606 2283 μεγάλα
1626 2200 1869 2279 διφάσια

264 2285 570 2363 Μιλησίων
596 2287 832 2367 ἐγένετο,
852 2286 911 2347 ’ἐν
933 2311 997 2347 τε
1021 2288 1301 2367 Λιμενηίῳ
1324 2287 1511 2367 χώρης
1533 2290 1634 2365 τῆς
1660 2291 1865 2365 σφετέ-

263 2399 366 2453 ρης
389 2374 816 2453 μαχεσαμένων,
840 2373 932 2433 καὶ
958 2377 1018 2433 ἐν
1043 2374 1369 2452 Μαιάνδρου
1393 2376 1582 2455 πεδίῳ.
1641 2377 1737 2459 (τὰ
1758 2378 1866 2455 μέν

263 2486 361 2523 νυν
401 2461 465 2531 ἐξ
502 2462 640 2527 ἔτεα,
662 2462 775 2521 τῶν
815 2459 1006 2519 ἕνδεκα
1045 2460 1399 2537 Σαρδυάττης
1437 2460 1472 2522 ὅ
1507 2462 1745 2540 Ἄρδυος
1784 2466 1866 2527 ἔτι

263 2548 460 2610 Λυδῶν
482 2547 640 2628 ἦρχε,
667 2546 703 2608 ὅ
728 2546 821 2607 καὶ
847 2546 1115 2623 ἐσβαλών
1140 2551 1439 2625 τηνικαῦτα
1464 2552 1521 2613 ἐς
1543 2549 1649 2626 τήν
1676 2557 1864 2629 Μιλη-

263 2637 396 2712 σίην
419 2634 524 2713 τὴν
548 2632 839 2713 στρατιήν·
876 2633 1231 2746 Σαρὸυάττης
1257 2635 1369 2717 γοὶρ
1397 2633 1559 2700 οὗτος
1588 2637 1680 2696 καὶ
1705 2638 1739 2699 ὅ
1762 2640 1865 2702 τᾶν

261 2723 576 2801 πόλεμον’
539 2749 611 2800 ην
635 2722 910 2802 συνάψας·
941 2747 1014 2785 τα
1039 2722 1101 2782 δὲ
1125 2723 1293 2783 πέντε
1315 2749 1426 2785 των
1454 2724 1617 2785 ἐτέων
1638 2725 1711 2786 τοὶ
1738 2728 1863 2789 ἐπό-

261 2836 404 2890 μενα
427 2815 581 2873 τοῖσι
615 2811 679 2882 ἐξ
698 2808 1068 2887 Ἀλυάττης
1035 2836 1069 2870 ο
1096 2810 1455 2919 Σαρδυάττεω
1486 2814 1834 2909 ἐπολέμεε,
1799 2842 1863 2881 ος

261 2897 726 2978 παραδεξάμενος,
748 2923 821 2962 ως
846 2898 939 2958 καὶ
956 2896 1228 2976 πρότερόν
1245 2923 1345 2977 μοι
1371 2888 1737 2976 δεδήλωται,
1709 2904 1865 2981 παραὶ

261 2991 365 3049 τοῦ
408 3011 622 3064 πατρος
671 3010 773 3047 τον
824 2984 1078 3062 πόλεμον
1129 2992 1403 3067 προσεῖχε
1456 2989 1860 3071 ἐντεταμένως.)

260 3079 416 3137 τοῖσι
461 3076 522 3135 δὲ
567 3073 913 3151 Μιλησίοισι
951 3072 1187 3152 οὐδαμοὶ
1230 3072 1427 3136 Ἰώνων
1470 3075 1571 3138 τόν
1608 3077 1863 3154 πόλεμον

261 3166 463 3225 τοῦτον
487 3158 998 3238 συνεπελάφρυνον,
1025 3161 1113 3222 ὅτι
1142 3161 1225 3240 μή
1252 3167 1385 3223 Χῖοι
1406 3166 1625 3240 μοῦνοι.
1707 3163 1863 3226 οὗτοι

261 3248 323 3312 δὲ
355 3250 424 3313 τὰ
458 3249 656 3329 ὁμοῖον
686 3246 1142 3315 ἀνταποδιδόντες
1168 3249 1481 3331 ἐτιμώρεον·
1522 3252 1615 3311 καὶ
1642 3250 1753 3331 γὰρ
1788 3250 1867 3329 δὴ

291 3462 312 3491 λ
