2267 3517
367 109 646 174 138—140]
1024 110 1293 161 θΑΔΕῐΔ,
1861 115 1959 164 269

353 190 584 267 -θύμησε
613 193 716 267 τῆς
745 189 1012 270 χλανίδος
1043 191 1137 250 καὶ
1168 190 1342 266 αὐτὴν
1374 191 1709 268 προσελθῶν
1749 191 1966 254 ὦνέετο·

361 278 396 338 ὁ
422 279 484 338 δὲ
511 280 783 343 Συλοσῶν
809 277 982 355 ὁρέων
1007 277 1377 354 τόν”Δαρεῖον
1411 279 1669 360 μεγάλως
1709 281 1965 356 ἐπιθυμέ·

361 392 500 428 οντα
523 370 624 442 τῆς
647 367 932 445 χλανίδος,
961 366 1085 444 θείῃ
1103 365 1249 444 τύχῃ
1275 391 1585 444 χρεωμενος
1608 367 1783 448 λέγει·
1812 373 1883 403 “
1858 395 1963 448 εγω

357 454 568 530 ταύτην
619 454 818 514 πωλέω
869 455 973 529 μὲν
1025 453 1246 516 οὐδενός
1296 452 1604 531 χρήματος·
1666 454 1858 532 δίδωμι
1904 455 1965 516 δὲ

357 539 550 606 ἄλλως
577 542 628 602 εἶ
649 567 756 619 περ
785 540 926 601 οὕτω
954 541 1039 600 δεῖ
1053 539 1369 621 γενέσθαι)
1396 540 1611 604 πάντως
1630 567 1719 602 τοι
1738 544 1963 609 αἰνέσας

355 633 534 690 ταῦτα
558 629 591 690 ὁ
619 633 857 706 Δαρεῖος
881 628 1323 705 παραλαμβάνει
1347 628 1415 687 τὸ
1444 629 1591 705 εἷμα.
1660 629 1692 689 ὁ
1716 655 1821 707 μεν
1848 632 1916 707 δὴ
1938 633 2054 694 140

358 718 633 781 Συλοσῶν
653 715 941 793 ’ἧπίστατό
969 719 1023 775 οἱ
1045 719 1215 776 τοῦτο
1240 715 1598 776 ἀπολωλέναι
1622 716 1689 776 δι’
1718 716 1959 795 εὖηθίην·

355 803 429 868 ὥς
467 805 529 865 δὲ
565 809 666 866 τοῦ
701 803 906 883 χρόνου
941 804 1348 881 προβαίνοντος
1377 804 1702 881 Καμβύσης
1730 830 1793 865 τε
1829 805 1959 868 οἷπέ-

356 893 490 953 θανε
530 893 622 952 καὶ
657 897 736 971 τῷ
761 891 946 973 Μάγῳ
973 891 1363 966 ἐπανέστησαν
1390 895 1445 950 οἱ
1470 890 1626 963 ἔπτὰ,
1644 893 1735 951 καὶ
1763 899 1823 952 ἐκ
1848 899 1959 956 τῶν

355 980 496 1040 ἑπτα
551 985 790 1058 Δαρεῖος
839 980 944 1056 τήν
983 980 1376 1056 βασιληιην”
1346 1005 1499 1057 εσχε,
1542 980 1875 1040 πυνθάνεται
1921 1010 1953 1044 o

356 1068 699 1132 Συλοσῶν“
654 1094 727 1132 ως
751 1068 790 1143 ἤ
815 1068 1102 1144 βασιληιη
1126 1067 1580 1143 περιεληλύθοι’
1554 1092 1609 1129 ες
1633 1071 1831 1128 τοῦτον
1856 1069 1955 1130 τὸν

354 1153 546 1232 ανδρα,
571 1161 650 1235 τῶ
677 1157 803 1215 κοτὲ
829 1155 995 1218 αυτός
1033 1154 1257 1214 ἔδωκε’
1230 1179 1290 1213 εν
1317 1153 1579 1234 Αἶγύπτῳ
1606 1154 1854 1230 δεηθέντι
1877 1157 1945 1218 τό

354 1243 502 1320 εἷμα·
543 1243 764 1320 οἷναβας
795 1243 913 1302 δὲ’
886 1269 943 1307 ες
972 1269 1044 1302 τα
1085 1243 1283 1307 Σοῦσα
1317 1242 1462 1314 ἵζετο
1504 1247 1558 1304 ἐς
1590 1241 1663 1301 τὰ
1700 1243 1953 1321 πρόθυρα

350 1333 461 1390 τῶν
501 1331 780 1406 βασιλέος
831 1331 1030 1401 οἰκίων,
1079 1330 1174 1388 καὶ
1225 1331 1335 1405 ἔφη
1385 1330 1623 1406 Δαρείου
1666 1328 1953 1411 εὐεργέτης

351 1417 518 1477 εἶναι·
544 1417 814 1500 ἀγγέλλει
837 1422 1014 1478 ταῦτα
1041 1415 1288 1480 οἷκούσας
1314 1415 1347 1477 6
1373 1417 1654 1495 πυλουρός
1676 1422 1753 1497 τῷ
1777 1421 1949 1494 βασι-

348 1506 456 1576 λέϊ,
487 1506 518 1566 ὁ
546 1507 606 1567 δὲ’
632 1506 931 1584 θωυμάσας
957 1507 1114 1586 λέγει
1147 1506 1289 1583 πρὸς
1314 1505 1501 1567 αὐτόν·
1541 1515 1579 1542 “
1599 1506 1693 1564 καὶ
1716 1507 1801 1570 τίς
1828 1512 1950 1569 ἔστι

345 1593 636 1705 Ἑλλήνων
676 1593 978 1676 ευεργέτης,
1006 1592 1049 1672 ᾧ
1079 1593 1189 1672 ε’γώ
1220 1593 1585 1671 προαιδεῦμαι
1610 1595 1811 1654 νεωστὶ
1844 1597 1949 1672 μὲν

343 1681 448 1758 τήν
489 1682 671 1762 α’ρχήν
711 1684 887 1762 ἔχων;
931 1681 1259 1757 αναβέβηκε
1300 1681 1359 1742 δὲ
1397 1683 1481 1744 τίς
1523 1679 1584 1762 [ἢ
1626 1681 1825 1763 οὐδείς]
1873 1709 1949 1744 κω

343 1769 476 1847 παρ’
517 1771 693 1848 ἡμέας
736 1770 948 1830 αὐτῶν·
934 1815 949 1839 ,
1007 1771 1116 1848 ἔχω
1158 1769 1219 1828 δὲ
1262 1769 1428 1848 χρέος
1469 1796 1540 1833 ως
1581 1773 1751 1830 εἰπεῖν
1791 1769 1948 1832 ουδὲν

344 1856 542 1940 ἄνδρας
568 1858 871 1935 Ελληνος.
939 1856 1088 1934 ὅμως
1113 1856 1175 1916 δὲ
1200 1854 1370 1917 αὗτὸν
1394 1856 1674 1936 παράγετε
1702 1858 1827 1927 ἔσω,
1858 1859 1947 1919 ἵνα

345 1945 498 2004 εἰδέω
535 1947 597 2005 τί
632 1946 811 2005 θέλων
850 1946 1005 2026 λέγει
1044 1941 1273 2004 ταῦτ-αἶ’
1338 1946 1560 2024 παρῆγε
1595 1943 1629 2003 ὅ
1668 1945 1947 2021 πυλουρὸς

343 2031 442 2090 τὸν
485 2033 846 2096 Συλοσῶντα·
899 2031 1114 2093 στάντα
1156 2032 1217 2091 δὲ
1269 2035 1326 2095 ἐς
1370 2032 1551 2108 μέσον
1594 2029 1844 2107 εἰρώτευν
1889 2036 1944 2092 οἶ

345 2120 600 2194 ερμηνέες
637 2120 722 2183 τίς
755 2145 818 2180 τε
855 2119 955 2195 εἴη,
985 2120 1078 2179 καὶ
1107 2121 1169 2180 τί
1198 2118 1442 2194 ποιήσας
1480 2117 1767 2198 ευεργέτης
1794 2120 1941 2196 φησὶ

343 2205 483 2264 εἶναι
506 2208 818 2281 βασιλέος·
804 2252 820 2277 ,
864 2207 984 2267 εἶπε
1019 2206 1095 2269 ὧν
1125 2207 1158 2268 ὁ
1191 2208 1464 2272 Συλοσῶν
1494 2205 1679 2266 πάντα
1711 2231 1784 2264 τα
1814 2207 1943 2284 περὶ

339 2291 446 2368 τήν
489 2295 732 2373 χλανίδα
775 2295 1064 2377 γενόμενα,
1107 2296 1200 2355 καὶ
1242 2320 1314 2358 ως
1360 2293 1526 2358 αυτός
1569 2295 1653 2370 εἴη
1694 2297 1870 2358 κεῖνος
1906 2295 1942 2355 ὁ

340 2380 486 2446 δούς·
527 2381 824 2458 ἀμείβεται
861 2383 1002 2460 πρὸς
1034 2387 1213 2444 ταῦτα
1254 2387 1510 2460 Δαρεῖος·
1561 2381 1658 2442 “ω
1696 2382 1937 2462 γενναιόε

337 2494 470 2530 τατε
497 2469 726 2547 ἀνδρῶν,
743 2469 818 2531 σύ
847 2475 1022 2534 κεῖνος
1048 2471 1102 2530 εἶ
1123 2469 1187 2534 ὃς
1214 2471 1337 2547 ε’μοὶ
1364 2469 1625 2546 οὐδεμίαν
1652 2470 1841 2548 ἔχοντί
1863 2497 1940 2530 κω

338 2556 570 2635 δύναμιν
609 2558 826 2628 ἔδωκας,
862 2563 918 2618 ἐἰ
953 2559 1046 2618 καὶ
1081 2557 1329 2636 σμικράς
1372 2557 1505 2617 ἀλλ’
1537 2557 1611 2618 ὦν
1654 2559 1753 2633 ἴση
1792 2584 1861 2638 γε
1894 2559 1934 2634 ἧ

333 2644 498 2724 χάρις
529 2645 732 2722 ὁμοίως
773 2645 844 2710 ὥς
869 2650 918 2706 εἰ
943 2651 1041 2706 νῦν
1068 2647 1231 2708 κοθέν
1254 2670 1311 2704 τι
1334 2647 1483 2727 μέγα
1510 2645 1774 2722 λάβοιμι·
1815 2645 1935 2706 ἄνθ’

335 2730 412 2793 ὧν
449 2759 539 2794 τοι
576 2733 795 2813 χρυσόν
825 2735 918 2792 καὶ
949 2732 1191 2815 ἄργυρον
1223 2732 1468 2793 ἄπλετον
1501 2733 1709 2810 δίδωμι,
1744 2732 1815 2796 οἷς
1852 2734 1936 2810 μή

335 2822 467 2880 κοτέ
503 2833 603 2881 τοι
630 2821 1013 2898 μεταμελήσει
1053 2825 1296 2899 Δαρεῖον
1333 2820 1433 2881 τὸν
1471 2819 1833 2884 ’Ὑστάσπεος
1874 2821 1933 2880 εὖ

331 2908 670 2986 ποιήσαντι·’
739 2911 895 2990 λέγει
932 2908 1074 2986 πρός
1111 2912 1289 2969 ταῦτα
1327 2907 1362 2968 ὅ
1404 2909 1695 2972 Συλοσῶν·
1752 2917 1789 2943 “
1804 2907 1929 2983 ἐμοὶ

329 2995 476 3074 μήτε
509 2995 742 3077 χρυσᾶν,
779 2996 822 3056 ὦ
853 2998 1122 3074 βασιλεῦ,
1150 2995 1294 3072 μήτε
1327 2993 1569 3077 ἄργυρον
1598 2993 1769 3062 δίδου,
1798 2992 1932 3052 ἀλλ’

329 3082 766 3162 ἀνασωσάμενός
799 3109 902 3160 μοι
935 3083 1030 3147 δός
1053 3082 1158 3158 τήν
1182 3083 1422 3159 πατρίδα
1449 3081 1657 3157 Σάμον,
1684 3080 1789 3156 τήν
1816 3084 1928 3152 νῦν,

329 3171 611 3249 αδελφεου
650 3176 752 3232 τοῦ
792 3175 929 3250 ε’μοῧ
967 3170 1363 3248 Πολυκράτεος
1402 3168 1779 3230 ἀποθανόντος
1817 3165 1929 3226 ’ὄπ-ὂ

325 3257 608 3337 Ὀροίτεω,
637 3262 752 3341 ἔχει
776 3261 978 3321 δοῦλος
1001 3258 1288 3336 ἡμέτερος·
1329 3255 1535 3330 ταύτην
1557 3279 1657 3330 μοι
1682 3251 1775 3316 δὸς
1799 3252 1928 3314 ἄνευ
