2267 3517
317 115 380 162 28
929 117 1295 167 ἮΡοΔοΤοΤ
1840 116 1910 183 [1.

314 189 684 269 ἀτιμάζεσθαι
717 192 860 271 πρός
889 193 1331 271 Πεισιστράτου·
1372 192 1516 275 ὀργῇ
1556 194 1633 265 δὲ,
1670 193 1743 257 ῶς
1776 194 1911 273 εἶχε,

319 279 752 340 καταλλάσσετο
775 280 880 357 τὴν
900 282 1104 360 ἔχθρην
1121 284 1275 341 τοῖσι
1296 281 1668 360 στασιώτῃσι.
1719 281 1915 358 μαθῶν

317 366 378 426 δὲ
417 366 450 427 ὁ
489 369 906 445 Πεισίστρατος
943 368 1016 428 τοὶ
1053 368 1355 446 ποιεύμενα
1394 368 1477 427 ἐπ’
1510 373 1701 447 ἑωυτῷ,
1732 368 1914 429 οἶπαλ-

317 454 572 515 λάσσετο
605 460 666 516 ἐκ
701 460 802 533 τῆς
839 456 1023 535 χώρης
1055 455 1122 517 τὰ
1160 456 1443 535 παράπαν·
1484 456 1817 533 ἀπικόμενος
1855 458 1915 517 δὲ

316 546 373 605 ἐς
393 540 681 620 Ἐρέτριαν
716 542 1050 619 ἐβουλεύετο
1085 541 1205 621 ἅμα
1235 548 1388 605 τοῖσι
1422 545 1609 604 παισί.
1688 544 1915 604 Ἱππίεω

315 628 379 689 δὲ
405 629 599 711 γνώμῃ
625 630 971 707 νικήσαντος,
998 630 1349 691 ἀνακτᾶσθαι
1380 630 1565 691 ὀπίσω
1594 631 1698 708 τὴν
1720 657 1914 709 τυραν-

314 717 453 787 νίδα,
481 719 718 778 ἐνθαῦτα
739 716 964 799 ἤγειρον
983 717 1210 781 δωτίνας
1236 724 1296 777 ἐκ
1315 723 1425 778 τῶν
1440 720 1668 789 πολίων,
1689 718 1915 783 αἵτινές

317 812 430 882 σφι
474 806 784 884 προῃδέατο
831 804 931 866 κού
971 831 1047 866 τι·
1097 809 1331 867 πολλῶν
1371 806 1432 865 δὲ
1468 806 1693 888 μεγάλα
1736 832 1914 883 παρα-

319 891 572 973 σχόντων
607 892 886 972 χρήματα,
911 894 1159 969 Θηβαῖοι
1188 892 1609 969 ὑπερεβάλοντο
1642 897 1717 973 τῇ
1757 894 1916 955 δόσεῖ

313 984 424 1041 τῶν
465 980 784 1060 χρημάτων.
862 980 1008 1057 μετὰ
1051 980 1126 1050 δὲ,
1175 979 1241 1039 οὗ
1257 1005 1264 1013 ·
1280 984 1481 1059 πολλῷ
1524 980 1679 1062 λόγῳ
1724 985 1912 1052 εἰπεῖν,

311 1067 514 1146 χρόνος
537 1068 700 1145 διέφυ
721 1068 813 1128 καὶ
831 1066 1013 1129 πάντα
1039 1074 1153 1144 σφι
1178 1066 1439 1145 ἐξήρτυτο
1460 1072 1515 1131 ἐς
1538 1067 1641 1144 τὴν
1661 1066 1911 1130 κάτοδον·

315 1155 528 1237 καὶγὰρ
541 1155 787 1238 Ἀργεῖοι
798 1156 1073 1233 μισθωτοὶ
1087 1154 1358 1222 σῖπίκοντοΙ
1372 1159 1433 1215 ἐκ
1448 1154 1911 1231 Πελοποννήσου·

311 1244 406 1303 καὶ
429 1243 641 1313 Νάξιός
663 1249 776 1319 σφι
806 1242 945 1319 α’νῆρ
982 1242 1283 1323 ἀπιγμένος
1316 1242 1623 1318 ἐθελοντὴς,
1648 1247 1726 1322 τῷ
1760 1242 1914 1305 οὔνο-

311 1356 394 1407 μα
417 1329 488 1407 ἦν
515 1329 818 1411 Λύγδαμις,
842 1331 1158 1407 προθυμίην
1181 1329 1457 1405 πλείστην
1478 1331 1794 1409 παρείχετο,
1822 1358 1913 1391 κο-

219 1418 296 1477 62
312 1418 488 1493 μίσας
527 1418 620 1478 καὶ
654 1417 920 1497 χρήματα
959 1418 1052 1475 καὶ
1089 1415 1308 1499 ἄνδρας.
1388 1417 1491 1487 Ἐξ
1531 1417 1812 1495 Ἐρετρίης
1851 1420 1913 1479 δὲ

313 1502 661 1583 ὁρμηθέντες,
683 1503 774 1565 διοὶ
793 1504 1080 1565 ἑνδεκάτου
1104 1504 1253 1567 ἔτεος
1270 1502 1535 1565 ἀπίκοντο
1557 1503 1761 1565 ὀπίσω.
1818 1507 1911 1569 καὶ

311 1596 530 1669 πρῶτον
543 1596 646 1669 τῆς
669 1591 926 1668 Ἀττικῆς
948 1593 1185 1671 ἴσχουσι
1209 1593 1551 1669 Μαραθῶνα·
1581 1597 1639 1653 ἐν
1657 1593 1719 1651 δὲ
1736 1593 1911 1673 τούτῳ

311 1683 390 1759 τῷ
434 1679 596 1759 χώρῳ
639 1686 754 1758 σφι
799 1678 1445 1757 στρατοπεδευομένοισι,
1492 1679 1553 1739 οἵ
1589 1705 1654 1739 τε
1700 1685 1762 1740 ἐκ
1808 1685 1911 1741 τοῦ

309 1765 852 1831 ἅστεοςστασιῶται
883 1766 1149 1827 ἀπίκοντο
1176 1765 1351 1826 ἄλλοι
1384 1791 1448 1826 τε
1482 1771 1545 1826 ἐκ
1578 1772 1689 1828 τῶν
1722 1766 1911 1845 δήμων

310 1856 655 1934 προσέρρεον
687 1855 806 1915 οἷσι
843 1854 884 1931 ἤ
921 1855 1173 1932 τυραννὶς
1209 1854 1321 1933 πρό
1351 1856 1668 1933 ιἐλευθερίης
1705 1855 1776 1932 ἦν
1806 1856 1909 1916 οἶσ-

308 1943 678 2023 παστότερον.
759 1940 914 2003 οὗτοι
943 1945 1049 2019 μὲν
1078 1941 1147 2019 δή
1178 1942 1563 2018 συνηλίζοντο·
1602 1942 1911 2019 Ἀθηναίων

309 2032 371 2093 δὲ
407 2035 462 2093 οἱ
493 2037 554 2092 ἐκ
582 2035 685 2092 τοῦ
716 2029 935 2101 ἄστεος,
963 2031 1062 2095 ἔως
1089 2033 1196 2109 μὲν
1223 2030 1638 2107 Πεισίστρατος
1665 2030 1737 2091 τοὶ
1772 2032 1910 2109 χρή-

309 2147 462 2198 ματα
484 2120 688 2202 ἤγειρε,
711 2120 804 2179 καὶ
827 2122 1085 2197 μεταῦτις
1111 2118 1184 2183 ὦς
1209 2120 1344 2197 ἔσχε
1369 2119 1707 2196 Μαραθῶνα,
1734 2119 1910 2201 λόγον

310 2207 506 2267 οὐδένα
531 2208 703 2285 εἶχον·
736 2207 862 2266 ἐπεί
878 2232 942 2266 τε
967 2206 1027 2267 δὲ
1053 2206 1323 2267 ἐπύθοντο
1350 2210 1411 2265 ἐκ
1436 2210 1543 2281 τοῦ,
1563 2206 1910 2284 Μαραθῶνος

309 2293 479 2353 αὖτὸν
511 2293 849 2370 πορεύεσθαι
887 2293 979 2352 ἐπὶ
1015 2293 1084 2353 τό
1119 2292 1283 2363 ἄστυ,
1317 2291 1457 2353 οὕτω
1494 2292 1563 2370 δὴ
1598 2295 1910 2370 βοηθέουσι

311 2380 395 2440 ἐπ’
430 2380 615 2440 αὐτόν.
656 2380 750 2439 καὶ
783 2377 943 2440 οὗτοί
968 2405 1033 2439 τε
1063 2385 1417 2458 πανστρατιῇ
1441 2378 1612 2456 ἤϊσαν
1650 2382 1742 2441 ἐπὶ
1779 2382 1910 2445 τούς

313 2466 617 2531 κατιόντας·
649 2466 744 2526 καὶ
769 2468 823 2526 οἶ
847 2464 998 2543 οἷμφὶ
1024 2466 1459 2543 Πεισίστρατον,
1483 2466 1553 2529 ῶς
1578 2468 1911 2545 ὁρμηθέντες

311 2561 374 2615 ἐκ
399 2556 746 2632 Μαραθῶνος
761 2551 934 2630 ἤϊσαν
952 2553 1046 2614 ἐπὶ
1067 2552 1136 2613 τὸ
1162 2551 1325 2624 ἄστυ,
1346 2558 1402 2617 ἐς
1424 2552 1601 2615 τώυτὸ
1628 2555 1909 2621 συνιόντες

310 2643 659 2703 ἀπικνέονται
708 2622 800 2701 ἐπὶ
855 2640 1219 2717 Παλληνίδος
1265 2640 1563 2717 Ἀθηναίης
1626 2639 1761 2719 ἱρόν,
1816 2646 1909 2704 καὶ

310 2729 478 2791 οἷντία..
508 2730 692 2791 ἔθεντο
728 2728 804 2791 τοὶ
842 2727 1013 2789 ὅπλα·
1055 2729 1291 2790 ἐνθαῦτα
1337 2729 1459 2809 θείῃ
1496 2733 1700 2809 πομπῇ
1737 2731 1909 2809 χρεώ-

309 2842 476 2895 μενος
497 2818 837 2895 παρίσταται
863 2814 1259 2896 Πεισιστράτῳ
1282 2816 1633 2895 Ἀμφίλυτος
1651 2818 1684 2879 ὁ
1708 2817 1908 2895 Ἀκαρ-

308 2903 426 2975 νιὶν,
450 2904 852 2986 χρησμολόγος
886 2904 1043 2982 ἀνὴρ,
1081 2903 1145 2968 ὅς
1175 2907 1231 2965 οἱ
1262 2904 1517 2983 προσιών
1547 2909 1663 2986 χρᾷ
1696 2910 1755 2967 ἐν
1788 2906 1909 2976 ἐξα-

309 2993 492 3072 μέτρῳ
515 2991 673 3073 τόνῳ,
697 2992 830 3053 τάδε
852 2993 1051 3074 λέγων·
1966 3002 1976 3009 ”

397 3099 652 3163 Ἔῤῥιπται
684 3095 729 3146 δ’
761 3097 788 3147 ὁ
817 3098 978 3160 βόλος,
1014 3098 1072 3145 τὸ
1106 3098 1161 3146 δὲ
1192 3097 1378 3147 δίκτυον
1411 3097 1793 3147 ἐκπεπέτασται·

408 3174 559 3221 θύννοι
592 3172 632 3221 δ’
667 3171 918 3230 οἰμήσουσι
951 3171 1205 3230 σεληναίης
1238 3170 1317 3219 διὰ
1338 3171 1516 3221 νυκτός.

219 3240 378 3316 63Ὁ
421 3261 523 3333 μὲν
557 3256 628 3333 δή
666 3259 723 3317 οἱ
759 3255 1023 3327 ἐνθεάζων
1057 3260 1173 3336 χρᾷ
1203 3255 1353 3317 τάδε·
1395 3257 1811 3333 Πεισίστρατος
1848 3250 1911 3311 δὲ
