2267 3517
385 85 664 151 130—134]
954 89 1340 137 ’ΜΕΛΠΟΜΕΣ
1349 91 1396 138 Η
1404 125 1415 137 .
1888 95 1982 142 333

462 166 539 226 Ἠ
576 167 638 226 δὲ
664 166 917 232 Σκυθέων
942 168 1045 244 μία
1084 172 1258 246 μοῖρα
1290 168 1329 244 ἦ
1366 169 1644 247 ταχθεῖσα
1671 169 1945 248 πρότερον
1965 174 2079 232 133

380 257 487 333 μὲν
512 255 667 334 παρὰ
691 256 796 332 τήν
822 261 1071 332 Μαιῆτιν
1097 258 1302 333 λίμνην
1333 258 1626 335 φρουρέειν
1649 258 1778 318 τότε
1804 259 1861 318 δὲ
1891 261 1983 318 ἐπὶ
2008 325 2014 330 ,

381 344 483 405 τᾶν
500 343 729 422 Ἴστρον
752 342 917 404 Ἴωσι
955 350 1009 410 ἐς
1044 344 1252 426 λόγους
1292 346 1494 417 ἐλθεῖν,
1523 345 1595 409 ὥς
1637 346 1867 407 οἷπίκετο
1894 349 1987 407 ἐπὶ

380 432 485 509 τήν
511 434 763 514 γέφυραν
790 434 950 514 ἔλεγε
974 433 1124 493 τάδε·
1169 444 1204 468 “
1221 432 1459 510 ἄνδρες”
1463 441 1638 504 Ιωνες,
1667 435 1986 512 ἐλευθερίην

380 519 512 598 ύμῖν
542 521 751 599 ἥκομεν
784 520 1136 598 φέροντες,”
1096 547 1272 598 ηνπερ
1299 547 1366 602 γε
1407 523 1637 598 ἐθέλητε
1673 522 1983 584 ἐσακούειν.

381 609 777 686 πυνθανόμεθα
816 610 927 692 γὰρ
976 613 1218 686 Δαρεῖον
1272 609 1630 671 ἐντείλασθαι
1670 610 1818 688 ύμῖν,
1863 610 1980 687 ἑξή-

385 723 553 757 κοντα
592 697 804 776 ἡμέρας
842 697 1050 775 μούνας
1104 697 1538 775 φρουρήσαντας
1574 697 1679 774 τήν
1717 699 1986 779 γέφυραν,

383 785 555 845 αὐτοῦ
580 785 662 864 μή
689 787 1138 868 παραγινομένου
1166 791 1225 845 ἐν
1258 785 1434 866 τούτῳ
1459 789 1536 864 τῷ
1575 785 1776 865 χρόνῳ,
1805 786 1988 846 ἀπαλ-

382 875 715 934 λάσσεσθαι
768 879 823 938 ἐς
866 874 971 950 τὴν
1016 873 1308 952 ὑμετέρην·
1377 877 1474 934 νῦν
1528 873 1602 934 ὧν
1649 873 1805 951 ύμεῖς
1855 875 1989 934 τάδε

381 966 676 1033 ποιεῦντες,
734 963 889 1026 ἐκτὸς
940 964 1046 1040 μὲν
1098 962 1305 1023 ἔσεσθε
1356 960 1498 1039 πρὸς
1550 963 1758 1022 ἐκείνου
1811 962 1990 1038 αἰτίης

384 1049 541 1113 ἐκτός
566 1050 625 1108 δὲ
653 1050 793 1128 πρός
818 1049 1024 1127 ἧμέων·
1057 1051 1159 1113 τοὶς
1184 1050 1549 1127 προκειμένας
1574 1048 1785 1126 ἡμέρας
1810 1075 1986 1126 παρα-

382 1138 665 1214 μείναντες
714 1138 783 1198 τὰ
832 1137 945 1198 cim?
992 1137 1194 1198 τούτου
1246 1136 1752 1204 ἀπαλλάσσεσθε.”
1833 1135 1988 1198 οὗτοι

383 1225 486 1300 μέν
516 1251 629 1295 νυν,
656 1226 1075 1303 ὑποδεξαμένων
1108 1225 1307 1290 Ἰώνων
1346 1224 1607 1302 ποιήσειν
1645 1229 1837 1296 ταῦτα,
1865 1225 1988 1286 ὀπί-

384 1338 471 1372 σω
494 1313 599 1388 τῆν
623 1339 901 1394 ταχιστην
926 1315 1236 1392 ἐπείγοντο.

464 1402 730 1480 Πέρσῃσι
764 1402 839 1472 δὲ,
874 1400 1017 1479 μετὰ
1052 1401 1123 1462 τοὶ
1161 1401 1310 1478 δῶρα
1339 1428 1410 1462 τα
1443 1377 1680 1463 ἐλθόντα
1708 1401 1943 1481 Δαρείω,
1968 1405 2080 1462 134

382 1489 809 1569 ἀντετάχθησαν
864 1493 918 1550 οἱ
970 1489 1405 1566 ὑπολειφθέντες
1459 1491 1670 1555 Σκύθαι
1711 1491 1857 1568 πεζῷ
1897 1491 1988 1549 καὶ

386 1578 625 1648 ἵπποισι,
662 1577 734 1642 ὦς
776 1578 1223 1655 συμβαλέοντες.
1303 1579 1695 1658 τεταγμένοισι
1737 1579 1795 1638 δὲ
1834 1581 1988 1638 τοῖσι

385 1666 638 1744 Σκύθῃσι
664 1666 841 1748 λαγὸς
869 1672 925 1731 ἐς
950 1665 1015 1726 τό
1043 1665 1223 1742 μέσον
1243 1666 1414 1745 διῇξε·
1442 1671 1552 1727 τῶν
1573 1666 1633 1726 δὲ
1661 1666 1731 1731 ὥς
1757 1667 1986 1726 ἔκαστοι

384 1753 553 1831 ὦρεον
578 1754 679 1815 τὸν
705 1754 886 1835 λαγὸν
913 1755 1156 1814 ἐδίωκον·
1198 1754 1585 1832 ταραχθέντων
1618 1755 1677 1812 δὲ
1706 1758 1817 1814 τῶν
1845 1753 1982 1817 Σκυ-

384 1841 523 1900 θέων
575 1841 669 1900 καὶ
720 1843 839 1920 βοῇ
891 1842 1233 1920 χρεωμένων,
1287 1841 1463 1917 εἴρετο
1515 1842 1547 1900 ὁ
1592 1845 1829 1916 Δαρεῖος
1870 1845 1982 1901 τῶν

385 1926 792 2005 ἀντιπολεμίων
817 1929 915 1988 τὸν
943 1929 1210 2006 θόρυβον·
1251 1926 1562 2003 πυθόμενος
1589 1928 1651 1986 δέ
1675 1934 1862 2003 σφεας
1887 1927 1987 1988 τὸν

385 2014 567 2094 λαγὸν
601 2015 912 2086 διώκοντας,
942 2016 1062 2075 εἶπε
1098 2015 1207 2093 ἄρα
1246 2014 1387 2093 πρός
1426 2013 1674 2091 τούσπερ
1703 2014 1865 2074 ἐώθεε
1893 2015 1986 2074 καὶ

384 2102 455 2159 τοὶ
484 2100 639 2161 ἄλλα
664 2103 868 2183 λέγειν·
898 2113 935 2139 “
952 2102 1106 2164 οὗτοι
1134 2099 1332 2181 ὧνδρες
1357 2102 1542 2181 ἡμέων
1567 2101 1792 2162 πολλόν
1819 2100 1982 2174 κατά-

388 2189 710 2265 φρονέουσι·
778 2191 878 2249 καί
922 2216 1019 2267 μοι
1064 2196 1161 2252 νῦν
1210 2192 1465 2268 φαίνεται
1507 2188 1779 2267 Γωβρύης
1834 2189 1985 2248 εἶπαι

384 2279 513 2354 περὶ
539 2282 649 2338 τῶν
676 2279 961 2344 Σκυθικῶν
992 2279 1178 2356 δώρων
1206 2278 1402 2356 ὀρθῶς.
1487 2277 1557 2342 ὥς
1585 2278 1658 2338 ὧν
1685 2304 1854 2340 ουτως
1879 2275 1987 2354 ἤδη

387 2364 687 2426 δοκεόντων
728 2367 821 2425 καὶ
862 2365 1009 2446 αύτῷ
1046 2393 1146 2444 μοι
1187 2368 1350 2446 ἔχειν,
1388 2369 1610 2444 βουλῆς
1650 2366 1866 2476 ἀγαθῆς
1906 2369 1991 2425 δεῖ

388 2451 527 2516 ὅκως
572 2452 879 2529 ἀσφαλέως
924 2481 961 2530 η
1014 2453 1215 2532 κομιδή
1259 2454 1396 2530 ἡμῖν
1443 2456 1602 2514 ἔσται
1643 2455 1710 2514 τὸ
1753 2453 1988 2513 οπίσω.”

384 2541 525 2616 πρὸς
550 2546 727 2602 ταῦτα
752 2543 1023 2620 Γωβρύης
1050 2543 1188 2602 εἶπε·
1224 2553 1258 2578 “
1277 2541 1320 2600 ὦ
1345 2545 1669 2619 βασιλεῦ,’
1644 2569 1750 2622 εγω
1779 2541 1986 2620 σχεδόν

384 2631 487 2705 μὲν
529 2622 621 2689 καὶ
671 2630 825 2711 λόγῳ
864 2631 1193 2707 ἠπιστάμην
1231 2630 1441 2691 τούτων
1480 2635 1591 2690 τῶν
1631 2629 1844 2708 ἀνδρῶν
1881 2629 1987 2705 τήν

383 2714 640 2794 ἀπορίην,
669 2718 850 2779 ἐλθιόν
890 2719 951 2778 δὲ
989 2722 1218 2796 μᾶλλον
1261 2718 1545 2795 ἐξέμαθον,
1576 2717 1748 2796 ὁρέων
1787 2717 1987 2784 αὐτοῦς
2023 2757 2030 2764 ·

386 2807 755 2880 ἐμπαίζοντας
778 2806 931 2918 ἡμῖν.
1000 2799 1102 2866 ’νῦν
1128 2805 1204 2866 ὧν
1227 2832 1327 2883 μοι
1353 2806 1546 2876 δοκέει,
1574 2805 1715 2881 ἐτι-ἤν
1739 2805 1986 2883 τάχιοτα

388 2891 488 2962 νῦξ
526 2894 755 2973 ἐπελθῃ,
798 2893 1168 2956 ἐκκαύσαντες
1216 2893 1290 2953 τοὶ
1341 2893 1490 2971 πυροὶ
1533 2892 1603 2956 ὥς
1645 2894 1736 2951 καὶ
1775 2890 1986 2950 αλλοτε

386 2980 633 3058 ἐώθαμεν
672 2983 894 3053 ποιέειν,
925 2985 1036 3042 τῶν
1068 2983 1450 3058 στρατιωτέων
1479 2979 1608 3043 τούς
1645 2977 1985 3038 ασθενεστοῖ-

384 3093 513 3133 τους
566 3074 621 3132 ἐς
671 3096 771 3134 τας
809 3071 1188 3147 ταλαιπωρίας
1227 3049 1684 3145 ἐξαπατήσαντας
1724 3065 1816 3124 καὶ
1854 3091 1985 3128 τους

386 3183 544 3221 ονους
569 3157 782 3223 πάντας
809 3157 1248 3233 καταδήσαντας,
1280 3155 1768 3216 ἀπαλλάσσεσθαι
1792 3152 1924 3230 πρὶν
1949 3151 1986 3230 ἢ

386 3247 478 3304 καὶ
524 3247 615 3306 ἐπὶ
654 3247 755 3307 τόν
788 3246 1020 3325 Ἴστρον
1065 3245 1258 3306 ἰθῦσαι
1300 3243 1515 3308 Σκύθας
1559 3240 1838 3303 λύσοντας
1881 3239 1986 3315 τήν

2098 3341 2194 3364 μ
