<?xml version="1.0" encoding="UTF-8"?>
<!DOCTYPE html PUBLIC "-//W3C//DTD XHTML 1.0 Transitional//EN"
    "http://www.w3.org/TR/xhtml1/DTD/xhtml1-transitional.dtd">
<html xmlns="http://www.w3.org/1999/xhtml" xml:lang="en" lang="en">
 <head>
  <title>
</title>
<meta http-equiv="Content-Type" content="text/html;charset=utf-8" />
  <meta name='ocr-system' content='tesseract 3.04.00' />
  <meta name='ocr-capabilities' content='ocr_page ocr_carea ocr_par ocr_line ocrx_word'/>
</head>
<body>
  <div class='ocr_page' id='page_1' title='image "./herodotus05blakgoog_0260.png"; bbox 0 0 2267 3517; ppageno 0'>
   <div class='ocr_carea' id='block_1_1' title="bbox 237 135 1933 3352">
    <p class='ocr_par' dir='ltr' id='par_1_1' title="bbox 329 135 1933 904">
     <span class='ocr_line' id='line_1_1' title="bbox 333 135 1929 202; baseline 0.003 -19"><span class='ocrx_word' id='word_1_1' title='bbox 333 137 434 184; x_wconf 82' lang='lat'>250</span> <span class='ocrx_word' id='word_1_2' title='bbox 937 135 1304 188; x_wconf 67' lang='grc' dir='ltr'>ΉΡοΔοωοτ</span> <span class='ocrx_word' id='word_1_3' title='bbox 1798 135 1929 202; x_wconf 89' lang='lat'>[111.</span> 
     </span>
     <span class='ocr_line' id='line_1_2' title="bbox 333 211 1933 296; baseline 0.003 -23"><span class='ocrx_word' id='word_1_4' title='bbox 333 211 522 275; x_wconf 86' lang='grc' dir='ltr'>Ἰνδοί·</span> <span class='ocrx_word' id='word_1_5' title='bbox 559 213 746 275; x_wconf 86' lang='grc' dir='ltr'>Ἰνδῶν</span> <span class='ocrx_word' id='word_1_6' title='bbox 774 213 885 296; x_wconf 71' lang='grc' dir='ltr'>γὰρ</span> <span class='ocrx_word' id='word_1_7' title='bbox 910 214 978 276; x_wconf 81' lang='grc' dir='ltr'>τό</span> <span class='ocrx_word' id='word_1_8' title='bbox 1013 214 1156 292; x_wconf 78' lang='grc' dir='ltr'>πρὸς</span> <span class='ocrx_word' id='word_1_9' title='bbox 1188 213 1295 290; x_wconf 72' lang='grc' dir='ltr'>τὴν</span> <span class='ocrx_word' id='word_1_10' title='bbox 1325 213 1408 291; x_wconf 75' lang='grc' dir='ltr'>ἠῶ</span> <span class='ocrx_word' id='word_1_11' title='bbox 1440 214 1639 292; x_wconf 81' lang='grc' dir='ltr'>ἐρημίη</span> <span class='ocrx_word' id='word_1_12' title='bbox 1671 216 1813 288; x_wconf 78' lang='grc' dir='ltr'>ἐστὶ,</span> <span class='ocrx_word' id='word_1_13' title='bbox 1841 217 1933 278; x_wconf 63' lang='lat' dir='ltr'>&amp;ct</span> 
     </span>
     <span class='ocr_line' id='line_1_3' title="bbox 329 301 1931 379; baseline 0.001 -18"><span class='ocrx_word' id='word_1_14' title='bbox 329 302 438 377; x_wconf 76' lang='grc' dir='ltr'>,τὴν</span> <span class='ocrx_word' id='word_1_15' title='bbox 467 301 721 379; x_wconf 81' lang='grc' dir='ltr'>ψάμμον.</span> <span class='ocrx_word' id='word_1_16' title='bbox 790 303 912 361; x_wconf 80' lang='grc' dir='ltr'>ἔστι</span> <span class='ocrx_word' id='word_1_17' title='bbox 949 301 1009 361; x_wconf 82' lang='grc' dir='ltr'>δὲ</span> <span class='ocrx_word' id='word_1_18' title='bbox 1043 301 1242 360; x_wconf 82' lang='grc' dir='ltr'>πολλοὶ</span> <span class='ocrx_word' id='word_1_19' title='bbox 1280 303 1439 363; x_wconf 82' lang='grc' dir='ltr'>ἔθνεα</span> <span class='ocrx_word' id='word_1_20' title='bbox 1471 302 1660 363; x_wconf 80' lang='grc' dir='ltr'>Ἰνδῶν</span> <span class='ocrx_word' id='word_1_21' title='bbox 1699 303 1791 362; x_wconf 83' lang='grc' dir='ltr'>καὶ</span> <span class='ocrx_word' id='word_1_22' title='bbox 1830 303 1931 363; x_wconf 80' lang='grc' dir='ltr'>οῦκ</span> 
     </span>
     <span class='ocr_line' id='line_1_4' title="bbox 333 387 1931 466; baseline 0.001 -18"><span class='ocrx_word' id='word_1_23' title='bbox 333 387 602 465; x_wconf 75' lang='grc' dir='ltr'>ὁμόφωνά</span> <span class='ocrx_word' id='word_1_24' title='bbox 635 393 829 464; x_wconf 89' lang='grc' dir='ltr'>σφισι·</span> <span class='ocrx_word' id='word_1_25' title='bbox 873 389 965 448; x_wconf 86' lang='grc' dir='ltr'>καὶ</span> <span class='ocrx_word' id='word_1_26' title='bbox 1000 392 1053 448; x_wconf 85' lang='grc' dir='ltr'>οἰ</span> <span class='ocrx_word' id='word_1_27' title='bbox 1091 390 1195 466; x_wconf 82' lang='grc' dir='ltr'>μὲν</span> <span class='ocrx_word' id='word_1_28' title='bbox 1231 388 1411 448; x_wconf 73' lang='grc' dir='ltr'>αὐτῶν</span> <span class='ocrx_word' id='word_1_29' title='bbox 1442 388 1677 465; x_wconf 79' lang='grc' dir='ltr'>νομάδες</span> <span class='ocrx_word' id='word_1_30' title='bbox 1712 390 1840 460; x_wconf 86' lang='grc' dir='ltr'>εἰσὶ,</span> <span class='ocrx_word' id='word_1_31' title='bbox 1876 395 1931 450; x_wconf 81' lang='grc' dir='ltr'>οἱ</span> 
     </span>
     <span class='ocr_line' id='line_1_5' title="bbox 333 475 1931 554; baseline 0.002 -19"><span class='ocrx_word' id='word_1_32' title='bbox 333 477 393 535; x_wconf 86' lang='grc' dir='ltr'>δὲ</span> <span class='ocrx_word' id='word_1_33' title='bbox 413 475 497 535; x_wconf 79' lang='grc' dir='ltr'>οὔ·</span> <span class='ocrx_word' id='word_1_34' title='bbox 539 479 592 535; x_wconf 80' lang='grc' dir='ltr'>οἱ</span> <span class='ocrx_word' id='word_1_35' title='bbox 619 477 679 535; x_wconf 86' lang='grc' dir='ltr'>δὲ</span> <span class='ocrx_word' id='word_1_36' title='bbox 705 481 764 536; x_wconf 82' lang='grc' dir='ltr'>ἐν</span> <span class='ocrx_word' id='word_1_37' title='bbox 785 479 942 536; x_wconf 86' lang='grc' dir='ltr'>τοῖσι</span> <span class='ocrx_word' id='word_1_38' title='bbox 969 477 1128 536; x_wconf 80' lang='grc' dir='ltr'>ἕλεσι</span> <span class='ocrx_word' id='word_1_39' title='bbox 1155 477 1401 536; x_wconf 88' lang='grc' dir='ltr'>οἰκέουσι</span> <span class='ocrx_word' id='word_1_40' title='bbox 1424 481 1527 537; x_wconf 91' lang='grc' dir='ltr'>τοῦ</span> <span class='ocrx_word' id='word_1_41' title='bbox 1553 483 1811 554; x_wconf 75' lang='grc' dir='ltr'>ποταμοῦ</span> <span class='ocrx_word' id='word_1_42' title='bbox 1836 479 1931 538; x_wconf 84' lang='grc' dir='ltr'>καὶ</span> 
     </span>
     <span class='ocr_line' id='line_1_6' title="bbox 332 563 1931 642; baseline 0.002 -20"><span class='ocrx_word' id='word_1_43' title='bbox 332 563 526 642; x_wconf 78' lang='grc' dir='ltr'>ἰχθύας</span> <span class='ocrx_word' id='word_1_44' title='bbox 572 564 854 625; x_wconf 84' lang='grc' dir='ltr'>σιτέονται</span> <span class='ocrx_word' id='word_1_45' title='bbox 899 563 1096 640; x_wconf 78' lang='grc' dir='ltr'>ὥμοῦς,</span> <span class='ocrx_word' id='word_1_46' title='bbox 1139 563 1273 628; x_wconf 82' lang='grc' dir='ltr'>τοῦς</span> <span class='ocrx_word' id='word_1_47' title='bbox 1313 565 1566 640; x_wconf 75' lang='grc' dir='ltr'>αἱρέουσι</span> <span class='ocrx_word' id='word_1_48' title='bbox 1608 569 1671 623; x_wconf 84' lang='grc' dir='ltr'>ἐκ</span> <span class='ocrx_word' id='word_1_49' title='bbox 1716 567 1931 626; x_wconf 77' lang='grc' dir='ltr'>πλοίων</span> 
     </span>
     <span class='ocr_line' id='line_1_7' title="bbox 331 651 1929 732; baseline 0.003 -23"><span class='ocrx_word' id='word_1_50' title='bbox 331 652 650 728; x_wconf 85' lang='grc' dir='ltr'>καλαμίνων</span> <span class='ocrx_word' id='word_1_51' title='bbox 679 651 1040 729; x_wconf 76' lang='grc' dir='ltr'>ὄρμειύμενοι·</span> <span class='ocrx_word' id='word_1_52' title='bbox 1083 651 1341 728; x_wconf 76' lang='grc' dir='ltr'>καλάμου</span> <span class='ocrx_word' id='word_1_53' title='bbox 1372 651 1433 711; x_wconf 85' lang='grc' dir='ltr'>δὲ</span> <span class='ocrx_word' id='word_1_54' title='bbox 1468 652 1528 712; x_wconf 80' lang='grc' dir='ltr'>ἓν</span> <span class='ocrx_word' id='word_1_55' title='bbox 1557 651 1696 732; x_wconf 84' lang='grc' dir='ltr'>γόνυ</span> <span class='ocrx_word' id='word_1_56' title='bbox 1725 656 1929 713; x_wconf 82' lang='grc' dir='ltr'>πλοῖον</span> 
     </span>
     <span class='ocr_line' id='line_1_8' title="bbox 331 736 1929 816; baseline 0.002 -19"><span class='ocrx_word' id='word_1_57' title='bbox 331 739 569 801; x_wconf 78' lang='grc' dir='ltr'>ἕκαστον</span> <span class='ocrx_word' id='word_1_58' title='bbox 593 740 857 800; x_wconf 82' lang='grc' dir='ltr'>ποιέεται.</span> <span class='ocrx_word' id='word_1_59' title='bbox 915 736 1071 799; x_wconf 76' lang='grc' dir='ltr'>οὗτοι</span> <span class='ocrx_word' id='word_1_60' title='bbox 1094 741 1199 816; x_wconf 72' lang='grc' dir='ltr'>μὲν</span> <span class='ocrx_word' id='word_1_61' title='bbox 1224 739 1293 814; x_wconf 74' lang='grc' dir='ltr'>δὴ</span> <span class='ocrx_word' id='word_1_62' title='bbox 1311 742 1422 798; x_wconf 91' lang='grc' dir='ltr'>τῶν</span> <span class='ocrx_word' id='word_1_63' title='bbox 1446 737 1634 800; x_wconf 80' lang='grc' dir='ltr'>Ἰνδῶν</span> <span class='ocrx_word' id='word_1_64' title='bbox 1654 740 1929 816; x_wconf 82' lang='grc' dir='ltr'>φορέουσι</span> 
     </span>
     <span class='ocr_line' id='line_1_9' title="bbox 331 825 1927 904; baseline 0 -19"><span class='ocrx_word' id='word_1_65' title='bbox 331 827 545 902; x_wconf 82' lang='grc' dir='ltr'>ἐσθῆτα</span> <span class='ocrx_word' id='word_1_66' title='bbox 571 827 830 904; x_wconf 76' lang='grc' dir='ltr'>φλοΐνην·</span> <span class='ocrx_word' id='word_1_67' title='bbox 873 826 1041 886; x_wconf 75' lang='grc' dir='ltr'>ε’πεᾶν</span> <span class='ocrx_word' id='word_1_68' title='bbox 1068 831 1128 885; x_wconf 82' lang='grc' dir='ltr'>ἐκ</span> <span class='ocrx_word' id='word_1_69' title='bbox 1158 830 1260 886; x_wconf 91' lang='grc' dir='ltr'>τοῦ</span> <span class='ocrx_word' id='word_1_70' title='bbox 1284 830 1543 904; x_wconf 80' lang='grc' dir='ltr'>ποταμοῦ</span> <span class='ocrx_word' id='word_1_71' title='bbox 1571 829 1759 903; x_wconf 83' lang='grc' dir='ltr'>φλοῦν</span> <span class='ocrx_word' id='word_1_72' title='bbox 1784 825 1927 904; x_wconf 75' lang='grc' dir='ltr'>ἀμή-</span> 
     </span>
    </p>

    <p class='ocr_par' dir='ltr' id='par_1_2' title="bbox 240 913 1927 992">
     <span class='ocr_line' id='line_1_10' title="bbox 240 913 1927 992; baseline 0 -18"><span class='ocrx_word' id='word_1_73' title='bbox 240 942 249 949; x_wconf 93' lang='grc'>·</span> <span class='ocrx_word' id='word_1_74' title='bbox 329 939 479 974; x_wconf 87' lang='grc' dir='ltr'>σωσι</span> <span class='ocrx_word' id='word_1_75' title='bbox 511 916 605 974; x_wconf 85' lang='grc' dir='ltr'>καὶ</span> <span class='ocrx_word' id='word_1_76' title='bbox 641 914 876 992; x_wconf 84' lang='grc' dir='ltr'>κόψωσι,</span> <span class='ocrx_word' id='word_1_77' title='bbox 903 913 972 974; x_wconf 69' lang='grc' dir='ltr'>τὰ</span> <span class='ocrx_word' id='word_1_78' title='bbox 1001 916 1252 974; x_wconf 84' lang='grc' dir='ltr'>ἐνθεῦτεν</span> <span class='ocrx_word' id='word_1_79' title='bbox 1276 917 1503 990; x_wconf 85' lang='grc' dir='ltr'>φορμοῦ</span> <span class='ocrx_word' id='word_1_80' title='bbox 1527 913 1737 990; x_wconf 79' lang='grc' dir='ltr'>τρόπον</span> <span class='ocrx_word' id='word_1_81' title='bbox 1763 939 1927 974; x_wconf 85' lang='grc' dir='ltr'>κατα-</span> 
     </span>
    </p>

    <p class='ocr_par' dir='ltr' id='par_1_3' title="bbox 237 999 1927 1084">
     <span class='ocr_line' id='line_1_11' title="bbox 237 999 1927 1084; baseline 0.001 -24"><span class='ocrx_word' id='word_1_82' title='bbox 237 1003 310 1060; x_wconf 91' lang='grc'>99</span> <span class='ocrx_word' id='word_1_83' title='bbox 329 1002 646 1073; x_wconf 80' lang='grc' dir='ltr'>πλέξαντες,</span> <span class='ocrx_word' id='word_1_84' title='bbox 689 1001 762 1066; x_wconf 74' lang='grc' dir='ltr'>ὥς</span> <span class='ocrx_word' id='word_1_85' title='bbox 800 1001 1023 1079; x_wconf 83' lang='grc' dir='ltr'>θώρηκα</span> <span class='ocrx_word' id='word_1_86' title='bbox 1063 1001 1395 1061; x_wconf 80' lang='grc' dir='ltr'>ἐνδυνέουσι.</span> <span class='ocrx_word' id='word_1_87' title='bbox 1464 999 1678 1061; x_wconf 79' lang='grc' dir='ltr'>Ἀλλοι</span> <span class='ocrx_word' id='word_1_88' title='bbox 1718 1001 1779 1060; x_wconf 81' lang='grc' dir='ltr'>δὲ</span> <span class='ocrx_word' id='word_1_89' title='bbox 1813 1005 1927 1084; x_wconf 87' lang='grc' dir='ltr'>τῶν</span> 
     </span>
    </p>

    <p class='ocr_par' dir='ltr' id='par_1_4' title="bbox 271 1087 1928 2133">
     <span class='ocr_line' id='line_1_12' title="bbox 271 1087 1928 1168; baseline 0.001 -20"><span class='ocrx_word' id='word_1_90' title='bbox 271 1109 278 1112; x_wconf 91' lang='grc'>·</span> <span class='ocrx_word' id='word_1_91' title='bbox 328 1089 514 1152; x_wconf 81' lang='grc' dir='ltr'>Ἰνδῶν</span> <span class='ocrx_word' id='word_1_92' title='bbox 536 1089 678 1168; x_wconf 81' lang='grc' dir='ltr'>πρός</span> <span class='ocrx_word' id='word_1_93' title='bbox 700 1089 784 1165; x_wconf 78' lang='grc' dir='ltr'>ἠῶ</span> <span class='ocrx_word' id='word_1_94' title='bbox 810 1091 1080 1153; x_wconf 85' lang='grc' dir='ltr'>οἰκέοντες</span> <span class='ocrx_word' id='word_1_95' title='bbox 1101 1087 1312 1149; x_wconf 88' lang='grc' dir='ltr'>τούτων</span> <span class='ocrx_word' id='word_1_96' title='bbox 1338 1087 1573 1165; x_wconf 82' lang='grc' dir='ltr'>νομάδες</span> <span class='ocrx_word' id='word_1_97' title='bbox 1599 1089 1727 1158; x_wconf 84' lang='grc' dir='ltr'>εἰσὶ,</span> <span class='ocrx_word' id='word_1_98' title='bbox 1755 1093 1928 1165; x_wconf 87' lang='grc' dir='ltr'>κρεῶν</span> 
     </span>
     <span class='ocr_line' id='line_1_13' title="bbox 329 1176 1927 1254; baseline 0.001 -17"><span class='ocrx_word' id='word_1_99' title='bbox 329 1179 552 1239; x_wconf 78' lang='grc' dir='ltr'>ἐδεσταὶ</span> <span class='ocrx_word' id='word_1_100' title='bbox 593 1177 772 1254; x_wconf 80' lang='grc' dir='ltr'>ὠμῶν·</span> <span class='ocrx_word' id='word_1_101' title='bbox 813 1177 1108 1238; x_wconf 86' lang='grc' dir='ltr'>καλέονται</span> <span class='ocrx_word' id='word_1_102' title='bbox 1144 1177 1207 1236; x_wconf 83' lang='grc' dir='ltr'>δὲ</span> <span class='ocrx_word' id='word_1_103' title='bbox 1241 1176 1503 1235; x_wconf 84' lang='grc' dir='ltr'>Παδαῖοι·</span> <span class='ocrx_word' id='word_1_104' title='bbox 1542 1177 1828 1253; x_wconf 83' lang='grc' dir='ltr'>νομαίοισι</span> <span class='ocrx_word' id='word_1_105' title='bbox 1864 1177 1927 1238; x_wconf 77' lang='grc' dir='ltr'>δὲ</span> 
     </span>
     <span class='ocr_line' id='line_1_14' title="bbox 326 1262 1925 1346; baseline -0.001 -20"><span class='ocrx_word' id='word_1_106' title='bbox 326 1267 574 1326; x_wconf 85' lang='grc' dir='ltr'>τοιοῖσδε</span> <span class='ocrx_word' id='word_1_107' title='bbox 596 1266 860 1346; x_wconf 87' lang='grc' dir='ltr'>λέγονται</span> <span class='ocrx_word' id='word_1_108' title='bbox 889 1265 1161 1344; x_wconf 77' lang='grc' dir='ltr'>χρᾶσθαι·</span> <span class='ocrx_word' id='word_1_109' title='bbox 1202 1262 1265 1327; x_wconf 81' lang='grc' dir='ltr'>ὃς</span> <span class='ocrx_word' id='word_1_110' title='bbox 1300 1262 1372 1332; x_wconf 74' lang='grc' dir='ltr'>ἂν</span> <span class='ocrx_word' id='word_1_111' title='bbox 1411 1262 1562 1342; x_wconf 86' lang='grc' dir='ltr'>κάμῃ</span> <span class='ocrx_word' id='word_1_112' title='bbox 1585 1267 1697 1324; x_wconf 89' lang='grc' dir='ltr'>τῶν</span> <span class='ocrx_word' id='word_1_113' title='bbox 1720 1263 1925 1336; x_wconf 81' lang='grc' dir='ltr'>οἰστῶν,</span> 
     </span>
     <span class='ocr_line' id='line_1_15' title="bbox 328 1349 1926 1434; baseline -0.001 -21"><span class='ocrx_word' id='word_1_114' title='bbox 328 1352 399 1428; x_wconf 85' lang='grc' dir='ltr'>ἥν</span> <span class='ocrx_word' id='word_1_115' title='bbox 422 1379 486 1413; x_wconf 92' lang='grc' dir='ltr'>τε</span> <span class='ocrx_word' id='word_1_116' title='bbox 519 1352 658 1434; x_wconf 68' lang='grc' dir='ltr'>γυνὴ</span> <span class='ocrx_word' id='word_1_117' title='bbox 684 1351 754 1428; x_wconf 86' lang='grc' dir='ltr'>ἥν</span> <span class='ocrx_word' id='word_1_118' title='bbox 779 1377 842 1412; x_wconf 90' lang='grc' dir='ltr'>τε</span> <span class='ocrx_word' id='word_1_119' title='bbox 873 1351 1031 1429; x_wconf 75' lang='grc' dir='ltr'>ἀνὴρ,</span> <span class='ocrx_word' id='word_1_120' title='bbox 1055 1352 1158 1411; x_wconf 77' lang='grc' dir='ltr'>τὸν</span> <span class='ocrx_word' id='word_1_121' title='bbox 1188 1353 1292 1427; x_wconf 74' lang='grc' dir='ltr'>μὲν</span> <span class='ocrx_word' id='word_1_122' title='bbox 1318 1349 1491 1427; x_wconf 76' lang='grc' dir='ltr'>ἄνδρα</span> <span class='ocrx_word' id='word_1_123' title='bbox 1516 1349 1708 1428; x_wconf 76' lang='grc' dir='ltr'>ἄνδρες</span> <span class='ocrx_word' id='word_1_124' title='bbox 1738 1354 1793 1410; x_wconf 82' lang='grc' dir='ltr'>οἰ</span> <span class='ocrx_word' id='word_1_125' title='bbox 1820 1352 1926 1428; x_wconf 89' lang='grc' dir='ltr'>μά-</span> 
     </span>
     <span class='ocr_line' id='line_1_16' title="bbox 328 1436 1924 1516; baseline 0 -16"><span class='ocrx_word' id='word_1_126' title='bbox 328 1438 504 1500; x_wconf 87' lang='grc' dir='ltr'>λιστά</span> <span class='ocrx_word' id='word_1_127' title='bbox 529 1443 583 1499; x_wconf 80' lang='grc' dir='ltr'>οἰ</span> <span class='ocrx_word' id='word_1_128' title='bbox 617 1439 935 1516; x_wconf 78' lang='grc' dir='ltr'>ὁμιλέοντες</span> <span class='ocrx_word' id='word_1_129' title='bbox 967 1438 1262 1508; x_wconf 88' lang='grc' dir='ltr'>κτείνουσι,</span> <span class='ocrx_word' id='word_1_130' title='bbox 1292 1437 1535 1514; x_wconf 87' lang='grc' dir='ltr'>φάμενοι</span> <span class='ocrx_word' id='word_1_131' title='bbox 1565 1436 1734 1499; x_wconf 82' lang='grc' dir='ltr'>αύτὸν</span> <span class='ocrx_word' id='word_1_132' title='bbox 1765 1440 1924 1515; x_wconf 86' lang='grc' dir='ltr'>τηκό-</span> 
     </span>
     <span class='ocr_line' id='line_1_17' title="bbox 327 1525 1928 1606; baseline 0.001 -20"><span class='ocrx_word' id='word_1_133' title='bbox 327 1552 496 1605; x_wconf 88' lang='grc' dir='ltr'>μενον</span> <span class='ocrx_word' id='word_1_134' title='bbox 517 1529 589 1605; x_wconf 85' lang='grc' dir='ltr'>τῇ</span> <span class='ocrx_word' id='word_1_135' title='bbox 619 1525 802 1606; x_wconf 79' lang='grc' dir='ltr'>νούσῳ</span> <span class='ocrx_word' id='word_1_136' title='bbox 824 1526 897 1586; x_wconf 82' lang='grc' dir='ltr'>τοὶ</span> <span class='ocrx_word' id='word_1_137' title='bbox 934 1526 1068 1602; x_wconf 88' lang='grc' dir='ltr'>κρέα</span> <span class='ocrx_word' id='word_1_138' title='bbox 1100 1527 1279 1602; x_wconf 89' lang='grc' dir='ltr'>σφίσι</span> <span class='ocrx_word' id='word_1_139' title='bbox 1310 1525 1756 1602; x_wconf 84' lang='grc' dir='ltr'>διαφθείρεσθαι·</span> <span class='ocrx_word' id='word_1_140' title='bbox 1796 1527 1829 1587; x_wconf 83' lang='grc' dir='ltr'>ὁ</span> <span class='ocrx_word' id='word_1_141' title='bbox 1865 1528 1928 1588; x_wconf 78' lang='grc' dir='ltr'>δὲ</span> 
     </span>
     <span class='ocr_line' id='line_1_18' title="bbox 328 1612 1925 1695; baseline 0.001 -21"><span class='ocrx_word' id='word_1_142' title='bbox 328 1613 572 1692; x_wconf 76' lang='grc' dir='ltr'>ἄπαρνός</span> <span class='ocrx_word' id='word_1_143' title='bbox 603 1619 727 1674; x_wconf 81' lang='grc' dir='ltr'>ἐστι</span> <span class='ocrx_word' id='word_1_144' title='bbox 761 1613 841 1690; x_wconf 77' lang='grc' dir='ltr'>μή</span> <span class='ocrx_word' id='word_1_145' title='bbox 873 1615 978 1690; x_wconf 79' lang='grc' dir='ltr'>μὲν</span> <span class='ocrx_word' id='word_1_146' title='bbox 1003 1613 1236 1683; x_wconf 82' lang='grc' dir='ltr'>νοσέειν,</span> <span class='ocrx_word' id='word_1_147' title='bbox 1264 1616 1319 1672; x_wconf 83' lang='grc' dir='ltr'>οἰ</span> <span class='ocrx_word' id='word_1_148' title='bbox 1351 1613 1415 1672; x_wconf 72' lang='grc' dir='ltr'>δὲ</span> <span class='ocrx_word' id='word_1_149' title='bbox 1448 1612 1513 1673; x_wconf 81' lang='grc' dir='ltr'>οὖ</span> <span class='ocrx_word' id='word_1_150' title='bbox 1545 1615 1925 1695; x_wconf 77' lang='grc' dir='ltr'>συγγινωσκό-</span> 
     </span>
     <span class='ocr_line' id='line_1_19' title="bbox 327 1699 1924 1782; baseline -0.001 -20"><span class='ocrx_word' id='word_1_151' title='bbox 327 1727 486 1779; x_wconf 89' lang='grc' dir='ltr'>μενοι</span> <span class='ocrx_word' id='word_1_152' title='bbox 503 1699 922 1764; x_wconf 83' lang='grc' dir='ltr'>άποκτείναντες</span> <span class='ocrx_word' id='word_1_153' title='bbox 947 1700 1397 1780; x_wconf 77' lang='grc' dir='ltr'>κατευωχέονται·</span> <span class='ocrx_word' id='word_1_154' title='bbox 1425 1699 1496 1776; x_wconf 88' lang='grc' dir='ltr'>ἢν</span> <span class='ocrx_word' id='word_1_155' title='bbox 1515 1701 1574 1760; x_wconf 84' lang='grc' dir='ltr'>δὲ</span> <span class='ocrx_word' id='word_1_156' title='bbox 1593 1701 1733 1782; x_wconf 76' lang='grc' dir='ltr'>γυνή</span> <span class='ocrx_word' id='word_1_157' title='bbox 1757 1703 1924 1782; x_wconf 83' lang='grc' dir='ltr'>κάμῃ,</span> 
     </span>
     <span class='ocr_line' id='line_1_20' title="bbox 329 1788 1925 1870; baseline 0 -20"><span class='ocrx_word' id='word_1_158' title='bbox 329 1789 590 1853; x_wconf 79' lang='grc' dir='ltr'>ὦσαύτως</span> <span class='ocrx_word' id='word_1_159' title='bbox 631 1792 690 1851; x_wconf 78' lang='grc' dir='ltr'>αἱ</span> <span class='ocrx_word' id='word_1_160' title='bbox 729 1788 1127 1867; x_wconf 74' lang='grc' dir='ltr'>ἐπιχρεώμεναι</span> <span class='ocrx_word' id='word_1_161' title='bbox 1166 1788 1423 1864; x_wconf 87' lang='grc' dir='ltr'>μάλιστα</span> <span class='ocrx_word' id='word_1_162' title='bbox 1460 1791 1714 1870; x_wconf 84' lang='grc' dir='ltr'>γυναῖκες</span> <span class='ocrx_word' id='word_1_163' title='bbox 1751 1789 1925 1850; x_wconf 74' lang='grc' dir='ltr'>ταῦτά</span> 
     </span>
     <span class='ocr_line' id='line_1_21' title="bbox 328 1875 1923 1958; baseline -0.001 -20"><span class='ocrx_word' id='word_1_164' title='bbox 328 1881 484 1938; x_wconf 81' lang='grc' dir='ltr'>τοῖσι</span> <span class='ocrx_word' id='word_1_165' title='bbox 511 1875 750 1956; x_wconf 86' lang='grc' dir='ltr'>οἷνδράσι</span> <span class='ocrx_word' id='word_1_166' title='bbox 779 1881 1022 1937; x_wconf 85' lang='grc' dir='ltr'>ποιεῦσι·</span> <span class='ocrx_word' id='word_1_167' title='bbox 1061 1876 1163 1940; x_wconf 79' lang='grc' dir='ltr'>τᾶν</span> <span class='ocrx_word' id='word_1_168' title='bbox 1197 1875 1309 1958; x_wconf 72' lang='grc' dir='ltr'>γὰρ</span> <span class='ocrx_word' id='word_1_169' title='bbox 1336 1876 1406 1952; x_wconf 71' lang='grc' dir='ltr'>δή</span> <span class='ocrx_word' id='word_1_170' title='bbox 1434 1881 1490 1940; x_wconf 80' lang='grc' dir='ltr'>ἐς</span> <span class='ocrx_word' id='word_1_171' title='bbox 1522 1881 1702 1957; x_wconf 83' lang='grc' dir='ltr'>γῆρας</span> <span class='ocrx_word' id='word_1_172' title='bbox 1732 1876 1923 1938; x_wconf 75' lang='grc' dir='ltr'>ἀπικό-</span> 
     </span>
     <span class='ocr_line' id='line_1_22' title="bbox 328 1964 1925 2046; baseline 0 -19"><span class='ocrx_word' id='word_1_173' title='bbox 328 1991 496 2044; x_wconf 86' lang='grc' dir='ltr'>μενον</span> <span class='ocrx_word' id='word_1_174' title='bbox 531 1965 800 2029; x_wconf 74' lang='grc' dir='ltr'>θύσαντες</span> <span class='ocrx_word' id='word_1_175' title='bbox 835 1966 1286 2044; x_wconf 85' lang='grc' dir='ltr'>κατευωχέονται·</span> <span class='ocrx_word' id='word_1_176' title='bbox 1327 1968 1383 2028; x_wconf 59' lang='lat' dir='ltr'>{s-</span> <span class='ocrx_word' id='word_1_177' title='bbox 1423 1964 1485 2023; x_wconf 82' lang='grc' dir='ltr'>δὲ</span> <span class='ocrx_word' id='word_1_178' title='bbox 1517 1964 1717 2024; x_wconf 87' lang='grc' dir='ltr'>τούτου</span> <span class='ocrx_word' id='word_1_179' title='bbox 1749 1966 1925 2046; x_wconf 81' lang='grc' dir='ltr'>λόγον</span> 
     </span>
     <span class='ocr_line' id='line_1_23' title="bbox 331 2050 1925 2133; baseline -0.001 -19"><span class='ocrx_word' id='word_1_180' title='bbox 331 2055 397 2114; x_wconf 80' lang='grc' dir='ltr'>οὗ</span> <span class='ocrx_word' id='word_1_181' title='bbox 421 2055 637 2116; x_wconf 89' lang='grc' dir='ltr'>πολλοί</span> <span class='ocrx_word' id='word_1_182' title='bbox 654 2079 798 2117; x_wconf 88' lang='grc' dir='ltr'>τινες</span> <span class='ocrx_word' id='word_1_183' title='bbox 822 2053 1001 2114; x_wconf 78' lang='grc' dir='ltr'>αὐτῶν</span> <span class='ocrx_word' id='word_1_184' title='bbox 1027 2052 1397 2114; x_wconf 76' lang='grc' dir='ltr'>ἀπικνέονται·</span> <span class='ocrx_word' id='word_1_185' title='bbox 1427 2050 1539 2129; x_wconf 81' lang='grc' dir='ltr'>πρό</span> <span class='ocrx_word' id='word_1_186' title='bbox 1565 2051 1675 2133; x_wconf 71' lang='grc' dir='ltr'>γάρ</span> <span class='ocrx_word' id='word_1_187' title='bbox 1701 2056 1803 2112; x_wconf 91' lang='grc' dir='ltr'>τοῦ</span> <span class='ocrx_word' id='word_1_188' title='bbox 1827 2052 1925 2113; x_wconf 82' lang='grc' dir='ltr'>τόν</span> 
     </span>
    </p>

    <p class='ocr_par' dir='ltr' id='par_1_5' title="bbox 238 2138 1927 2829">
     <span class='ocr_line' id='line_1_24' title="bbox 238 2138 1927 2217; baseline -0.002 -16"><span class='ocrx_word' id='word_1_189' title='bbox 238 2143 353 2203; x_wconf 90' lang='grc'>100</span> <span class='ocrx_word' id='word_1_190' title='bbox 371 2147 426 2206; x_wconf 87' lang='grc' dir='ltr'>ε’ς</span> <span class='ocrx_word' id='word_1_191' title='bbox 460 2149 664 2203; x_wconf 92' lang='grc' dir='ltr'>νοῦσον</span> <span class='ocrx_word' id='word_1_192' title='bbox 692 2142 969 2202; x_wconf 87' lang='grc' dir='ltr'>πίπτοντα</span> <span class='ocrx_word' id='word_1_193' title='bbox 1002 2139 1187 2200; x_wconf 88' lang='grc' dir='ltr'>πάντα</span> <span class='ocrx_word' id='word_1_194' title='bbox 1227 2141 1522 2200; x_wconf 91' lang='grc' dir='ltr'>κτείνουσι.</span> <span class='ocrx_word' id='word_1_195' title='bbox 1588 2138 1825 2217; x_wconf 86' lang='grc' dir='ltr'>Ἑτέρων</span> <span class='ocrx_word' id='word_1_196' title='bbox 1864 2140 1927 2199; x_wconf 85' lang='grc' dir='ltr'>δέ</span> 
     </span>
     <span class='ocr_line' id='line_1_25' title="bbox 331 2226 1925 2305; baseline -0.001 -16"><span class='ocrx_word' id='word_1_197' title='bbox 331 2233 456 2290; x_wconf 79' lang='grc' dir='ltr'>ἔστι</span> <span class='ocrx_word' id='word_1_198' title='bbox 477 2230 664 2290; x_wconf 81' lang='grc' dir='ltr'>Ἰνδῶν</span> <span class='ocrx_word' id='word_1_199' title='bbox 689 2228 782 2288; x_wconf 84' lang='grc' dir='ltr'>ὅδε</span> <span class='ocrx_word' id='word_1_200' title='bbox 811 2227 990 2290; x_wconf 78' lang='grc' dir='ltr'>ἄλλος</span> <span class='ocrx_word' id='word_1_201' title='bbox 1020 2226 1247 2305; x_wconf 87' lang='grc' dir='ltr'>τρόπος·</span> <span class='ocrx_word' id='word_1_202' title='bbox 1290 2226 1416 2287; x_wconf 80' lang='grc' dir='ltr'>οὔτε</span> <span class='ocrx_word' id='word_1_203' title='bbox 1452 2227 1729 2288; x_wconf 90' lang='grc' dir='ltr'>κτείνουσι</span> <span class='ocrx_word' id='word_1_204' title='bbox 1766 2226 1925 2288; x_wconf 70' lang='grc' dir='ltr'>οὐδὲν</span> 
     </span>
     <span class='ocr_line' id='line_1_26' title="bbox 329 2313 1925 2394; baseline -0.001 -19"><span class='ocrx_word' id='word_1_205' title='bbox 329 2317 597 2394; x_wconf 78' lang='grc' dir='ltr'>ἔμψυχον,</span> <span class='ocrx_word' id='word_1_206' title='bbox 633 2314 758 2375; x_wconf 74' lang='grc' dir='ltr'>οὔτε</span> <span class='ocrx_word' id='word_1_207' title='bbox 795 2339 854 2374; x_wconf 87' lang='grc' dir='ltr'>τι</span> <span class='ocrx_word' id='word_1_208' title='bbox 891 2313 1210 2390; x_wconf 87' lang='grc' dir='ltr'>σπείρουσι,</span> <span class='ocrx_word' id='word_1_209' title='bbox 1253 2313 1379 2374; x_wconf 82' lang='grc' dir='ltr'>οὔτε</span> <span class='ocrx_word' id='word_1_210' title='bbox 1420 2315 1593 2378; x_wconf 82' lang='grc' dir='ltr'>οἰκίας</span> <span class='ocrx_word' id='word_1_211' title='bbox 1633 2315 1925 2393; x_wconf 83' lang='grc' dir='ltr'>νομίζουσι</span> 
     </span>
     <span class='ocr_line' id='line_1_27' title="bbox 329 2399 1926 2482; baseline 0.001 -19"><span class='ocrx_word' id='word_1_212' title='bbox 329 2404 617 2478; x_wconf 82' lang='grc' dir='ltr'>ἐκτῆσθαι·</span> <span class='ocrx_word' id='word_1_213' title='bbox 656 2402 1076 2482; x_wconf 84' lang='grc' dir='ltr'>ποιηφαγέουσι</span> <span class='ocrx_word' id='word_1_214' title='bbox 1109 2401 1190 2460; x_wconf 88' lang='grc' dir='ltr'>δέ·</span> <span class='ocrx_word' id='word_1_215' title='bbox 1234 2401 1325 2460; x_wconf 83' lang='grc' dir='ltr'>καὶ</span> <span class='ocrx_word' id='word_1_216' title='bbox 1361 2399 1592 2462; x_wconf 87' lang='grc' dir='ltr'>αυτοῖσί</span> <span class='ocrx_word' id='word_1_217' title='bbox 1624 2407 1749 2462; x_wconf 89' lang='grc' dir='ltr'>ε’στι</span> <span class='ocrx_word' id='word_1_218' title='bbox 1786 2402 1926 2464; x_wconf 85' lang='grc' dir='ltr'>ὅσον</span> 
     </span>
     <span class='ocr_line' id='line_1_28' title="bbox 330 2487 1925 2571; baseline -0.001 -22"><span class='ocrx_word' id='word_1_219' title='bbox 330 2490 566 2571; x_wconf 89' lang='grc' dir='ltr'>κέγχρος</span> <span class='ocrx_word' id='word_1_220' title='bbox 587 2515 654 2548; x_wconf 91' lang='grc' dir='ltr'>το</span> <span class='ocrx_word' id='word_1_221' title='bbox 637 2488 975 2570; x_wconf 83' lang='grc' dir='ltr'>μέγαθος’</span> <span class='ocrx_word' id='word_1_222' title='bbox 949 2513 1009 2548; x_wconf 93' lang='grc' dir='ltr'>εν</span> <span class='ocrx_word' id='word_1_223' title='bbox 1041 2487 1241 2547; x_wconf 82' lang='grc' dir='ltr'>κάλυκι</span> <span class='ocrx_word' id='word_1_224' title='bbox 1266 2487 1579 2566; x_wconf 88' lang='grc' dir='ltr'>αυτόματον</span> <span class='ocrx_word' id='word_1_225' title='bbox 1606 2493 1669 2548; x_wconf 79' lang='grc' dir='ltr'>ἐκ</span> <span class='ocrx_word' id='word_1_226' title='bbox 1696 2493 1798 2566; x_wconf 82' lang='grc' dir='ltr'>τῆς</span> <span class='ocrx_word' id='word_1_227' title='bbox 1820 2495 1925 2571; x_wconf 81' lang='grc' dir='ltr'>γῆς</span> 
     </span>
     <span class='ocr_line' id='line_1_29' title="bbox 326 2574 1926 2657; baseline 0 -20"><span class='ocrx_word' id='word_1_228' title='bbox 326 2576 638 2657; x_wconf 83' lang='grc' dir='ltr'>γινόμενον·</span> <span class='ocrx_word' id='word_1_229' title='bbox 677 2601 744 2634; x_wconf 88' lang='grc' dir='ltr'>το</span> <span class='ocrx_word' id='word_1_230' title='bbox 785 2575 1175 2656; x_wconf 86' lang='grc' dir='ltr'>συλλέγοντες,</span> <span class='ocrx_word' id='word_1_231' title='bbox 1208 2574 1349 2654; x_wconf 71' lang='grc' dir='ltr'>αὐτῇ</span> <span class='ocrx_word' id='word_1_232' title='bbox 1390 2575 1591 2635; x_wconf 78' lang='grc' dir='ltr'>κάλυκι</span> <span class='ocrx_word' id='word_1_233' title='bbox 1623 2577 1832 2655; x_wconf 81' lang='grc' dir='ltr'>ἕψουσί</span> <span class='ocrx_word' id='word_1_234' title='bbox 1862 2602 1926 2637; x_wconf 91' lang='grc' dir='ltr'>τε</span> 
     </span>
     <span class='ocr_line' id='line_1_30' title="bbox 330 2661 1926 2743; baseline 0.001 -19"><span class='ocrx_word' id='word_1_235' title='bbox 330 2665 424 2724; x_wconf 87' lang='grc' dir='ltr'>καὶ</span> <span class='ocrx_word' id='word_1_236' title='bbox 448 2661 867 2725; x_wconf 84' lang='grc' dir='ltr'>σιτέονται.ος</span> <span class='ocrx_word' id='word_1_237' title='bbox 892 2661 994 2722; x_wconf 85' lang='grc' dir='ltr'>δ’</span> <span class='ocrx_word' id='word_1_238' title='bbox 959 2688 1028 2723; x_wconf 91' lang='grc' dir='ltr'>αν</span> <span class='ocrx_word' id='word_1_239' title='bbox 1053 2668 1108 2727; x_wconf 79' lang='grc' dir='ltr'>ἐς</span> <span class='ocrx_word' id='word_1_240' title='bbox 1133 2666 1339 2724; x_wconf 88' lang='grc' dir='ltr'>νοῦσον</span> <span class='ocrx_word' id='word_1_241' title='bbox 1359 2663 1537 2724; x_wconf 77' lang='grc' dir='ltr'>αὐτῶν</span> <span class='ocrx_word' id='word_1_242' title='bbox 1557 2666 1725 2743; x_wconf 86' lang='grc' dir='ltr'>πέσῃ,</span> <span class='ocrx_word' id='word_1_243' title='bbox 1747 2664 1926 2726; x_wconf 82' lang='grc' dir='ltr'>ε’λθῶν</span> 
     </span>
     <span class='ocr_line' id='line_1_31' title="bbox 331 2749 1926 2829; baseline 0.001 -19"><span class='ocrx_word' id='word_1_244' title='bbox 331 2757 388 2815; x_wconf 83' lang='grc' dir='ltr'>ἐς</span> <span class='ocrx_word' id='word_1_245' title='bbox 415 2751 520 2827; x_wconf 77' lang='grc' dir='ltr'>τήν</span> <span class='ocrx_word' id='word_1_246' title='bbox 551 2752 754 2829; x_wconf 84' lang='grc' dir='ltr'>ἔρημον</span> <span class='ocrx_word' id='word_1_247' title='bbox 781 2751 978 2811; x_wconf 89' lang='grc' dir='ltr'>κέεται·</span> <span class='ocrx_word' id='word_1_248' title='bbox 1022 2751 1304 2828; x_wconf 83' lang='grc' dir='ltr'>φροντίζει</span> <span class='ocrx_word' id='word_1_249' title='bbox 1337 2751 1397 2810; x_wconf 84' lang='grc' dir='ltr'>δὲ</span> <span class='ocrx_word' id='word_1_250' title='bbox 1434 2749 1609 2814; x_wconf 81' lang='grc' dir='ltr'>οὐδεὶς</span> <span class='ocrx_word' id='word_1_251' title='bbox 1647 2751 1759 2812; x_wconf 82' lang='grc' dir='ltr'>οὔτ’</span> <span class='ocrx_word' id='word_1_252' title='bbox 1788 2750 1926 2811; x_wconf 82' lang='grc' dir='ltr'>άπο·</span> 
     </span>
    </p>

    <p class='ocr_par' dir='ltr' id='par_1_6' title="bbox 238 2837 1930 3352">
     <span class='ocr_line' id='line_1_32' title="bbox 238 2837 1928 2917; baseline 0.001 -19"><span class='ocrx_word' id='word_1_253' title='bbox 238 2842 348 2899; x_wconf 89' lang='grc'>101</span> <span class='ocrx_word' id='word_1_254' title='bbox 371 2838 636 2902; x_wconf 87' lang='grc' dir='ltr'>θανόντος</span> <span class='ocrx_word' id='word_1_255' title='bbox 675 2837 802 2898; x_wconf 77' lang='grc' dir='ltr'>οὔτε</span> <span class='ocrx_word' id='word_1_256' title='bbox 849 2837 1173 2917; x_wconf 79' lang='grc' dir='ltr'>κάμνοντος.</span> <span class='ocrx_word' id='word_1_257' title='bbox 1255 2838 1427 2908; x_wconf 82' lang='grc' dir='ltr'>Μίξις</span> <span class='ocrx_word' id='word_1_258' title='bbox 1472 2839 1533 2899; x_wconf 85' lang='grc' dir='ltr'>δὲ</span> <span class='ocrx_word' id='word_1_259' title='bbox 1569 2838 1781 2899; x_wconf 92' lang='grc' dir='ltr'>τούτων</span> <span class='ocrx_word' id='word_1_260' title='bbox 1816 2843 1928 2900; x_wconf 80' lang='grc' dir='ltr'>τῶν</span> 
     </span>
     <span class='ocr_line' id='line_1_33' title="bbox 328 2925 1925 3003; baseline 0 -18"><span class='ocrx_word' id='word_1_261' title='bbox 328 2925 515 2988; x_wconf 84' lang='grc' dir='ltr'>Ἰνδῶν</span> <span class='ocrx_word' id='word_1_262' title='bbox 538 2929 648 2986; x_wconf 89' lang='grc' dir='ltr'>τῶν</span> <span class='ocrx_word' id='word_1_263' title='bbox 673 2925 945 2995; x_wconf 82' lang='grc' dir='ltr'>κατέλεξα</span> <span class='ocrx_word' id='word_1_264' title='bbox 974 2925 1195 2987; x_wconf 88' lang='grc' dir='ltr'>πάντων</span> <span class='ocrx_word' id='word_1_265' title='bbox 1225 2925 1479 3003; x_wconf 82' lang='grc' dir='ltr'>ἐμφανής</span> <span class='ocrx_word' id='word_1_266' title='bbox 1512 2931 1651 2996; x_wconf 82' lang='grc' dir='ltr'>ἐστι,</span> <span class='ocrx_word' id='word_1_267' title='bbox 1680 2925 1925 3003; x_wconf 77' lang='grc' dir='ltr'>κατάπερ</span> 
     </span>
     <span class='ocr_line' id='line_1_34' title="bbox 327 3011 1926 3092; baseline -0.001 -19"><span class='ocrx_word' id='word_1_268' title='bbox 327 3019 440 3075; x_wconf 89' lang='grc' dir='ltr'>τῶν</span> <span class='ocrx_word' id='word_1_269' title='bbox 463 3012 784 3092; x_wconf 79' lang='grc' dir='ltr'>προβάτων·</span> <span class='ocrx_word' id='word_1_270' title='bbox 825 3011 918 3071; x_wconf 84' lang='grc' dir='ltr'>καὶ</span> <span class='ocrx_word' id='word_1_271' title='bbox 947 3012 1014 3072; x_wconf 82' lang='grc' dir='ltr'><em>τό</em></span> <span class='ocrx_word' id='word_1_272' title='bbox 1039 3017 1242 3091; x_wconf 88' lang='grc' dir='ltr'>χρῶμα</span> <span class='ocrx_word' id='word_1_273' title='bbox 1268 3014 1541 3090; x_wconf 88' lang='grc' dir='ltr'>φορέουσι</span> <span class='ocrx_word' id='word_1_274' title='bbox 1568 3011 1765 3090; x_wconf 75' lang='grc' dir='ltr'>ὁμοῖον</span> <span class='ocrx_word' id='word_1_275' title='bbox 1790 3013 1926 3073; x_wconf 84' lang='grc' dir='ltr'>πάν-</span> 
     </span>
     <span class='ocr_line' id='line_1_35' title="bbox 329 3097 1929 3181; baseline -0.001 -20"><span class='ocrx_word' id='word_1_276' title='bbox 329 3127 420 3166; x_wconf 86' lang='grc' dir='ltr'>τες</span> <span class='ocrx_word' id='word_1_277' title='bbox 446 3104 538 3161; x_wconf 82' lang='grc' dir='ltr'>καὶ</span> <span class='ocrx_word' id='word_1_278' title='bbox 567 3098 970 3178; x_wconf 87' lang='grc' dir='ltr'>παραπλήσιον</span> <span class='ocrx_word' id='word_1_279' title='bbox 994 3101 1246 3179; x_wconf 90' lang='grc' dir='ltr'>Αἰθίοψι·</span> <span class='ocrx_word' id='word_1_280' title='bbox 1286 3100 1325 3176; x_wconf 82' lang='grc' dir='ltr'><em>ἦ</em></span> <span class='ocrx_word' id='word_1_281' title='bbox 1351 3099 1490 3181; x_wconf 81' lang='grc' dir='ltr'>γονὴ</span> <span class='ocrx_word' id='word_1_282' title='bbox 1519 3100 1578 3159; x_wconf 82' lang='grc' dir='ltr'>δὲ</span> <span class='ocrx_word' id='word_1_283' title='bbox 1612 3098 1792 3160; x_wconf 71' lang='grc' dir='ltr'>αὐτῶν</span> <span class='ocrx_word' id='word_1_284' title='bbox 1822 3097 1929 3175; x_wconf 82' lang='grc' dir='ltr'>τήν</span> 
     </span>
     <span class='ocr_line' id='line_1_36' title="bbox 330 3185 1930 3269; baseline 0.001 -23"><span class='ocrx_word' id='word_1_285' title='bbox 330 3189 584 3250; x_wconf 76' lang='grc' dir='ltr'>οἶπίενται</span> <span class='ocrx_word' id='word_1_286' title='bbox 626 3194 682 3253; x_wconf 86' lang='grc' dir='ltr'>ἐς</span> <span class='ocrx_word' id='word_1_287' title='bbox 721 3186 824 3252; x_wconf 75' lang='grc' dir='ltr'>τάς</span> <span class='ocrx_word' id='word_1_288' title='bbox 865 3190 1145 3269; x_wconf 84' lang='grc' dir='ltr'>γυναῖκας,</span> <span class='ocrx_word' id='word_1_289' title='bbox 1192 3187 1273 3257; x_wconf 81' lang='grc' dir='ltr'>οὗ,</span> <span class='ocrx_word' id='word_1_290' title='bbox 1303 3187 1549 3262; x_wconf 80' lang='grc' dir='ltr'>κατάπερ</span> <span class='ocrx_word' id='word_1_291' title='bbox 1583 3191 1694 3246; x_wconf 90' lang='grc' dir='ltr'>τῶν</span> <span class='ocrx_word' id='word_1_292' title='bbox 1734 3185 1930 3247; x_wconf 77' lang='grc' dir='ltr'>ἄλλων</span> 
     </span>
     <span class='ocr_line' id='line_1_37' title="bbox 329 3272 1927 3352; baseline 0.003 -22"><span class='ocrx_word' id='word_1_293' title='bbox 329 3274 646 3349; x_wconf 76' lang='grc' dir='ltr'>ἀνθρώπων,</span> <span class='ocrx_word' id='word_1_294' title='bbox 689 3277 814 3337; x_wconf 78' lang='grc' dir='ltr'>ἐστὶ</span> <span class='ocrx_word' id='word_1_295' title='bbox 853 3274 1043 3350; x_wconf 75' lang='grc' dir='ltr'>λευκή,</span> <span class='ocrx_word' id='word_1_296' title='bbox 1087 3275 1245 3334; x_wconf 76' lang='grc' dir='ltr'>ἀλλὰ</span> <span class='ocrx_word' id='word_1_297' title='bbox 1290 3275 1529 3352; x_wconf 88' lang='grc' dir='ltr'>μέλαινα</span> <span class='ocrx_word' id='word_1_298' title='bbox 1574 3272 1820 3350; x_wconf 85' lang='grc' dir='ltr'>κατάπερ</span> <span class='ocrx_word' id='word_1_299' title='bbox 1857 3273 1927 3334; x_wconf 81' lang='grc' dir='ltr'><strong><em>τό</em></strong></span> 
     </span>
    </p>
   </div>
   <div class='ocr_carea' id='block_1_2' title="bbox 2231 1253 2232 2280">
    <p class='ocr_par' dir='ltr' id='par_1_7' title="bbox 2231 1253 2232 2280">
     <span class='ocr_line' id='line_1_38' title="bbox 2231 1253 2232 2280; baseline 0 0"><span class='ocrx_word' id='word_1_300' title='bbox 2231 1253 2232 2280; x_wconf 95' lang='lat' dir='ltr'> </span> 
     </span>
    </p>
   </div>
  </div>
 </body>
</html>
