2267 3517
308 100 404 153 172
910 102 1281 152 ἮΡοΔοΤοΤ
1799 99 1904 167 [Π.

303 180 451 255 βοῦν
489 180 717 257 ξυλίνην
755 181 970 256 κοιλην·
1025 182 1118 240 καὶ
1159 182 1350 241 ἔπειτα
1389 181 1909 261 καταχρυσώσαντά

303 293 401 343 μιν
424 267 645 343 ταύτην,
676 271 786 327 ἔσω
824 274 882 329 ἐν
908 268 1048 347 αὐτῇ
1082 269 1261 347 θάψαι
1292 269 1498 345 ταύτην
1534 269 1604 346 δὴ
1629 269 1734 345 τήν
1755 269 1906 342 ,αἶπο-

213 356 327 413 130
349 356 631 415 θανοῦσαν
684 356 978 436 θυγατέρα.
1060 355 1218 432 Αὕτη
1271 356 1344 417 ὧν
1395 357 1434 433 ἦ
1483 358 1626 433 βοῦς
1676 361 1755 438 γῇ
1807 358 1907 419 ούκ

305 442 571 519 ἐκρύφθη,
600 442 732 503 ἀλλ’
763 445 843 503 ἔτι
880 444 972 503 καὶ
1004 446 1191 520 ἐςέμὲ
1216 444 1286 521 ἦν
1323 445 1554 522 φανερή,
1587 450 1645 505 ἐν
1673 446 1781 510 Σάῖ
1802 449 1908 523 μὲν

304 530 443 589 πόλι
494 530 669 591 ἐοῦσα
721 532 943 608 κειμένη
990 531 1050 591 δὲ
1103 537 1163 591 ἐν
1213 536 1367 592 τοῖσι
1417 533 1798 609 βασιληΐοισι,
1848 539 1908 595 ἐν

306 618 566 695 οἰκήματι
600 618 917 700 ἠσκημένῳ·
960 618 1308 697 θυμιήματα.
1325 620 1386 680 δὲ
1416 619 1546 699 παρ’
1587 620 1729 699 αὐτῇ
1769 648 1906 682 παν-

304 709 433 765 τοῖα
484 708 845 788 καταγίζουσι
898 706 1005 768 ἅνοὶ
1066 712 1262 769 πᾶσαν
1311 708 1544 785 ἡμέρην·
1623 708 1795 769 νύκτα
1846 710 1908 769 δὲ

308 793 549 870 ἑκάστην
590 794 869 875 πάννυχος
912 795 1121 875 λύχνος
1167 798 1552 873 παρακαίεται.
1615 794 1799 877 α’γχοῦ
1845 798 1908 857 δὲ

306 886 407 959 τῆς
430 882 573 959 βοὸς
596 882 798 959 ταύτης
824 888 883 943 ἐν
910 882 1069 963 ἄλλῳ
1102 883 1362 960 οἰκήματι
1393 883 1596 947 εἰκόνες
1619 888 1729 945 τῶν
1759 889 1905 945 παλ-

304 972 520 1031 λακέων
543 975 653 1031 τῶν
678 973 993 1049 Μυκερίνου
1026 975 1247 1043 ἐστᾶσι,
1285 972 1359 1035 ὦς
1383 974 1577 1053 ἔλεγον
1613 975 1668 1032 οἱ
1705 978 1762 1033 ἐν
1799 972 1908 1038 Edi:

304 1058 443 1119 πόλι
470 1060 627 1137 ἱρέες·
661 1063 864 1120 ἑστᾶσι
886 1063 991 1137 μὲν
1015 1059 1125 1141 γσῖρ
1153 1059 1367 1129 ξύλινοι
1393 1061 1688 1131 κολοσσοὶ,
1711 1064 1907 1122 ἐοῦσαι

305 1146 543 1225 ἀριθμόν
569 1148 642 1211 οἷς
672 1150 879 1209 ἐείκοσι
911 1147 1169 1224 μάλιστά
1202 1174 1287 1225 κη,
1314 1148 1520 1229 γυμναὶ
1545 1150 1904 1229 ἐργασμέναι·

305 1237 371 1295 αἶ
389 1262 533 1300 τινες
554 1238 745 1313 μέντοι
772 1237 883 1296 εἰσὶ
914 1235 1015 1295 οῦκ
1042 1237 1150 1315 ἔχω
1179 1241 1367 1306 εἰπεῖν,
1394 1235 1549 1313 πλὴν
1583 1234 1620 1312 ἢ
1646 1236 1717 1297 ταῖ
1742 1237 1906 1319 λεγό-

213 1325 503 1399 131μενα.
586 1327 661 1383 Οἱ
686 1324 750 1383 δέ
777 1349 919 1387 τινες
953 1325 1192 1405 λέγουσι
1230 1325 1358 1402 περὶ
1391 1328 1494 1401 τῆς
1527 1324 1670 1401 βοός
1700 1325 1906 1402 ταύτης

306 1410 399 1469 καὶ
432 1414 541 1472 τῶν
576 1414 876 1471 κολοσσῶν
916 1411 1077 1471 τόνδε
1105 1411 1207 1473 τᾶν
1246 1412 1440 1494 λόγον·
1491 1411 1562 1477 ὦς
1595 1417 1906 1490 Μυκερῖνος

304 1497 517 1575 ἐρείσθη
562 1503 664 1575 τῆς
704 1502 904 1558 ἑωυτοῦ
945 1500 1233 1580 θυγατρός,
1277 1501 1368 1559 καὶ
1409 1501 1599 1561 ἔπειτα
1641 1502 1806 1582 ἐμίγη
1849 1506 1904 1562 οἱ

303 1585 563 1665 ἀεκούσῃ·
603 1586 745 1661 μετοῖ
772 1586 847 1657 δὲ,
876 1587 1113 1667 λέγουσι
1141 1588 1213 1651 ὥς
1237 1587 1275 1664 ἦ
1301 1591 1432 1652 παῖς
1470 1586 1901 1695 α’,πήγξατοῦπὸ

304 1672 485 1752 ἄχεος,
514 1701 545 1733 ο
530 1673 637 1733 ’δέ
660 1700 758 1750 μιν
784 1675 955 1752 ἔθαψε
998 1679 1055 1735 ἐν
1089 1680 1163 1754 τῇ
1199 1676 1302 1752 βοι
1331 1675 1526 1756 ταύτῃ·
1567 1703 1604 1753 η
1589 1676 1692 1736 ’δὲ
1716 1671 1903 1755 μήτηρ

304 1761 473 1838 αὕτῆς
494 1765 604 1821 τῶν
623 1760 976 1874 ἀμφιπόλων
982 1767 1093 1824 τῶν
1113 1763 1478 1841 προδουσέων
1501 1764 1607 1841 τὴν
1626 1766 1903 1845 θυγατέρα

303 1851 381 1924 τῷ
411 1850 581 1927 πατρὶ
616 1850 869 1927 ἀπέταμε
906 1850 1007 1914 τοὶς
1039 1856 1252 1931 χεῖρας·
1295 1852 1387 1912 καὶ
1427 1857 1524 1913 νῦν
1552 1852 1653 1916 τοῖς
1693 1852 1904 1919 εἰκόνας

303 1937 509 2000 αὖτέων
561 1938 698 1999 εἶναι
754 1940 1091 2003 πεπονθυῖας
1147 1939 1324 2017 τοίπερ
1380 1944 1439 2001 αἱ
1491 1940 1623 2011 ζωαὶ
1676 1941 1900 2001 ἔπαθον.

302 2031 479 2088 ταῦτα
514 2029 571 2089 δὲ
598 2030 833 2110 λέγουσι
859 2029 1248 2107 φλυηρέοντες,
1283 2028 1356 2093 οἷς
1386 2029 1522 2136 ἐγώ.ι
1526 2029 1711 2103 δοκέω,
1739 2028 1811 2088 τά
1835 2054 1902 2090 τε

302 2115 458 2176 αλλα
485 2118 577 2177 καὶ
603 2118 671 2195 δη
700 2119 791 2177 καὶ
829 2144 901 2178 τα
937 2119 1066 2195 περὶ
1100 2116 1204 2181 τοὶς
1212 2121 1453 2227 ἐ’χεῖρας
1447 2121 1556 2177 τῶν
1583 2120 1901 2177 κολοσσῶν·

303 2210 479 2265 ταῦτα
522 2206 633 2287 γὰρ
673 2204 746 2265 ὦν
787 2206 878 2264 καὶ
916 2205 1078 2281 ἡμεῖς
1119 2205 1406 2283 ὁρέομεν,
1421 2204 1508 2265 ὅτι
1547 2204 1656 2264 ύπὸ
1695 2203 1836 2283 χρόι
1837 2232 1903 2265 ου

302 2292 401 2355 τοὶς
414 2286 628 2371 χεῖρας
667 2292 1133 2368 ἀποβεβλήκασι,
1169 2319 1228 2351 αι
1267 2298 1324 2352 ἐν
1358 2293 1499 2352 ποσὶ
1532 2291 1738 2353 αὐτέων
1769 2293 1903 2369 φαί-

212 2382 326 2439 132
344 2406 530 2440 νονται
557 2384 751 2439 ἐοῦσαι
778 2381 858 2439 ἔτι
895 2382 987 2438 καὶ
1026 2385 1080 2442 ἐς
1117 2380 1235 2455 ἐμέ.
1317 2378 1392 2438 Ἤ
1426 2379 1486 2439 δὲ
1521 2381 1666 2455 βοῦς
1700 2380 1773 2440 τοὶ
1797 2383 1904 2457 μὲν

304 2466 458 2527 ἄλλα
490 2470 927 2544 κατακέκρυπται
965 2468 1228 2546 φοινικέῳ
1259 2467 1459 2544 εἵματι,
1487 2468 1585 2528 τόν
1609 2466 1818 2547 αύχένα
1842 2468 1904 2527 δὲ

304 2557 397 2615 καὶ
429 2556 532 2632 τήν
568 2555 825 2633 κεφαλήν
862 2556 1047 2631 φαίνει
1084 2554 1482 2635 κεχρυσωμένα
1516 2556 1688 2636 παχέϊ
1727 2556 1904 2633 κάρτα

302 2648 512 2724 χρυσῷ·
551 2644 760 2722 μεταξῦ
801 2644 861 2705 δὲ
898 2649 1010 2704 τῶν
1041 2643 1254 2721 κερέων,
1288 2644 1319 2704 ὁ
1355 2649 1456 2705 τοῦ
1491 2643 1659 2721 ἡλίου
1702 2645 1904 2708 κύκλος

302 2734 681 2810 μεμιμημένος
719 2734 913 2794 ἔπεστι
952 2732 1212 2812 χρύσεος.
1297 2735 1418 2793 ἔστι
1457 2733 1518 2792 δὲ
1555 2732 1594 2808 ἦ
1629 2733 1772 2807 βοῦς
1804 2730 1903 2792 οῦκ

304 2820 461 2898 ὁρθη,
507 2820 639 2881 ἀλλ’
667 2827 725 2881 ἐν
757 2822 997 2903 γούνασι
1033 2820 1273 2898 κειμένη,
1306 2821 1554 2903 μέγαθος
1585 2819 1717 2879 δὲ’
1685 2845 1903 2896 οσηπερ

300 2909 524 2990 μεγαλη
564 2912 707 2986 βοῦς
746 2910 875 2986 ζωή·
929 2908 1224 2987 ἐκφέρεται
1263 2910 1324 2969 δὲ
1365 2914 1424 2968 ἐκ
1462 2912 1565 2968 τοῦ
1607 2906 1906 2996 οἰκήματος

304 2996 411 3058 α’,να
449 2997 631 3059 πάντα
668 2996 740 3058 τοὶ
782 2998 922 3068 ἔτεα,
959 2998 1126 3057 ἐπεαν
1165 2996 1476 3057 τύπτωνται
1517 3021 1572 3055 οι
1605 2992 1906 3076 Αιγύπτιοι

301 3086 400 3146 τόν
452 3086 553 3147 οῦκ
605 3085 1016 3163 ὀνομαζόμενον
1057 3083 1187 3145 θεόν
1225 3083 1318 3144 ὕπ’
1360 3088 1490 3160 ἐμεῦ
1540 3083 1632 3141 ἐπὶ
1670 3080 1904 3159 τοιούτω

302 3173 608 3258 πρήγματι·
650 3174 779 3236 τότε
819 3200 894 3234 ων
935 3173 1027 3232 καὶ
1065 3198 1172 3249 την
1210 3174 1357 3249 βοῦν
1398 3168 1701 3248 ἐκφέρουσι
1742 3173 1796 3231 ἐς
1835 3194 1902 3227 το

307 3265 445 3334 φῶς·
516 3264 665 3338 φασὶ
716 3261 829 3343 γοὶρ
876 3260 945 3337 δη
1000 3259 1177 3335 αύτην
1229 3260 1491 3335 δεηθῆναι
1541 3260 1642 3315 τοῦ
1695 3278 1906 3329 πατρος
