<?xml version="1.0" encoding="UTF-8"?>
<!DOCTYPE html PUBLIC "-//W3C//DTD XHTML 1.0 Transitional//EN"
    "http://www.w3.org/TR/xhtml1/DTD/xhtml1-transitional.dtd">
<html xmlns="http://www.w3.org/1999/xhtml" xml:lang="en" lang="en">
 <head>
  <title>
</title>
<meta http-equiv="Content-Type" content="text/html;charset=utf-8" />
  <meta name='ocr-system' content='tesseract 3.04.00' />
  <meta name='ocr-capabilities' content='ocr_page ocr_carea ocr_par ocr_line ocrx_word'/>
</head>
<body>
  <div class='ocr_page' id='page_1' title='image "./herodotus05blakgoog_0030.png"; bbox 0 0 2267 3517; ppageno 0'>
   <div class='ocr_carea' id='block_1_1' title="bbox 210 100 1912 3261">
    <p class='ocr_par' dir='ltr' id='par_1_1' title="bbox 210 100 1912 3237">
     <span class='ocr_line' id='line_1_1' title="bbox 303 100 1903 166; baseline 0 -13"><span class='ocrx_word' id='word_1_1' title='bbox 303 105 366 153; x_wconf 85' lang='grc'>18</span> <span class='ocrx_word' id='word_1_2' title='bbox 913 105 1282 156; x_wconf 65' lang='grc' dir='ltr'><strong>ἨΡΟΔΟΤΟΤ</strong></span> <span class='ocrx_word' id='word_1_3' title='bbox 1832 100 1903 166; x_wconf 78' lang='lat' dir='ltr'>[I.</span> 
     </span>
     <span class='ocr_line' id='line_1_2' title="bbox 301 179 1908 264; baseline 0 -21"><span class='ocrx_word' id='word_1_4' title='bbox 301 182 684 261; x_wconf 77' lang='grc' dir='ltr'>ἐπεισέρχεται</span> <span class='ocrx_word' id='word_1_5' title='bbox 704 182 738 244; x_wconf 78' lang='grc' dir='ltr'><em>ὅ</em></span> <span class='ocrx_word' id='word_1_6' title='bbox 755 188 858 245; x_wconf 82' lang='grc' dir='ltr'>τοῦ</span> <span class='ocrx_word' id='word_1_7' title='bbox 877 186 1132 264; x_wconf 80' lang='grc' dir='ltr'>Κροίσου</span> <span class='ocrx_word' id='word_1_8' title='bbox 1151 188 1283 247; x_wconf 81' lang='grc' dir='ltr'>παῖς</span> <span class='ocrx_word' id='word_1_9' title='bbox 1302 181 1551 259; x_wconf 74' lang='grc' dir='ltr'>ἀκηκοὼς</span> <span class='ocrx_word' id='word_1_10' title='bbox 1565 183 1675 241; x_wconf 77' lang='grc' dir='ltr'>τῶν</span> <span class='ocrx_word' id='word_1_11' title='bbox 1692 179 1908 243; x_wconf 81' lang='grc' dir='ltr'>ἐδέοντο</span> 
     </span>
     <span class='ocr_line' id='line_1_3' title="bbox 303 265 1909 349; baseline 0.001 -21"><span class='ocrx_word' id='word_1_12' title='bbox 303 270 358 328; x_wconf 77' lang='grc' dir='ltr'>οἳ</span> <span class='ocrx_word' id='word_1_13' title='bbox 383 269 597 327; x_wconf 84' lang='grc' dir='ltr'>Μυσοί·</span> <span class='ocrx_word' id='word_1_14' title='bbox 639 268 704 328; x_wconf 78' lang='grc' dir='ltr'>οὗ</span> <span class='ocrx_word' id='word_1_15' title='bbox 732 274 984 349; x_wconf 84' lang='grc' dir='ltr'>φαμένου</span> <span class='ocrx_word' id='word_1_16' title='bbox 1015 272 1076 331; x_wconf 80' lang='grc' dir='ltr'>δὲ</span> <span class='ocrx_word' id='word_1_17' title='bbox 1105 275 1205 335; x_wconf 77' lang='grc' dir='ltr'>τοῦ</span> <span class='ocrx_word' id='word_1_18' title='bbox 1234 270 1486 347; x_wconf 80' lang='grc' dir='ltr'>Κροίσου</span> <span class='ocrx_word' id='word_1_19' title='bbox 1517 265 1617 331; x_wconf 81' lang='grc' dir='ltr'>τόν</span> <span class='ocrx_word' id='word_1_20' title='bbox 1640 293 1709 348; x_wconf 86' lang='grc' dir='ltr'>γε</span> <span class='ocrx_word' id='word_1_21' title='bbox 1734 267 1909 329; x_wconf 78' lang='grc' dir='ltr'>παῖδά</span> 
     </span>
     <span class='ocr_line' id='line_1_4' title="bbox 236 354 1905 466; baseline 0.002 -52"><span class='ocrx_word' id='word_1_22' title='bbox 236 381 242 386; x_wconf 90' lang='grc'><em>·</em></span> <span class='ocrx_word' id='word_1_23' title='bbox 304 360 418 431; x_wconf 92' lang='grc' dir='ltr'>σφι</span> <span class='ocrx_word' id='word_1_24' title='bbox 453 357 828 464; x_wconf 86' lang='grc' dir='ltr'>συμπέμψειν,</span> <span class='ocrx_word' id='word_1_25' title='bbox 861 363 1018 440; x_wconf 81' lang='grc' dir='ltr'>λέγει</span> <span class='ocrx_word' id='word_1_26' title='bbox 1055 358 1197 466; x_wconf 77' lang='grc' dir='ltr'>πρός</span> <span class='ocrx_word' id='word_1_27' title='bbox 1238 356 1406 417; x_wconf 78' lang='grc' dir='ltr'>αὖτόν</span> <span class='ocrx_word' id='word_1_28' title='bbox 1440 357 1473 417; x_wconf 79' lang='grc' dir='ltr'>ὅ</span> <span class='ocrx_word' id='word_1_29' title='bbox 1508 355 1723 433; x_wconf 81' lang='grc' dir='ltr'>νεηνίης</span> <span class='ocrx_word' id='word_1_30' title='bbox 1754 354 1905 417; x_wconf 79' lang='grc' dir='ltr'>τάδε·</span> 
     </span>
     <span class='ocr_line' id='line_1_5' title="bbox 303 440 1908 557; baseline 0.001 -56"><span class='ocrx_word' id='word_1_31' title='bbox 303 440 389 501; x_wconf 83' lang='grc' dir='ltr'>“ὦ</span> <span class='ocrx_word' id='word_1_32' title='bbox 384 441 633 557; x_wconf 36' lang='lat' dir='ltr'>wdrepu</span> <span class='ocrx_word' id='word_1_33' title='bbox 619 470 691 504; x_wconf 90' lang='grc' dir='ltr'>τα</span> <span class='ocrx_word' id='word_1_34' title='bbox 708 443 994 506; x_wconf 76' lang='grc' dir='ltr'>κάλλιστα</span> <span class='ocrx_word' id='word_1_35' title='bbox 1007 444 1279 523; x_wconf 88' lang='grc' dir='ltr'>πρότερόν</span> <span class='ocrx_word' id='word_1_36' title='bbox 1294 470 1422 504; x_wconf 91' lang='grc' dir='ltr'>κοτε</span> <span class='ocrx_word' id='word_1_37' title='bbox 1440 445 1533 503; x_wconf 83' lang='grc' dir='ltr'>καὶ</span> <span class='ocrx_word' id='word_1_38' title='bbox 1546 440 1908 525; x_wconf 84' lang='grc' dir='ltr'>γενναιότατα</span> 
     </span>
     <span class='ocr_line' id='line_1_6' title="bbox 302 528 1907 639; baseline 0.002 -49"><span class='ocrx_word' id='word_1_39' title='bbox 302 528 439 605; x_wconf 82' lang='grc' dir='ltr'>ημῖν</span> <span class='ocrx_word' id='word_1_40' title='bbox 476 529 574 605; x_wconf 88' lang='grc' dir='ltr'>ἦν,</span> <span class='ocrx_word' id='word_1_41' title='bbox 603 532 658 595; x_wconf 80' lang='grc' dir='ltr'>ἔς</span> <span class='ocrx_word' id='word_1_42' title='bbox 696 558 760 592; x_wconf 92' lang='grc' dir='ltr'>τε</span> <span class='ocrx_word' id='word_1_43' title='bbox 803 534 1086 611; x_wconf 84' lang='grc' dir='ltr'>πολέμους</span> <span class='ocrx_word' id='word_1_44' title='bbox 1133 533 1225 592; x_wconf 86' lang='grc' dir='ltr'>καὶ</span> <span class='ocrx_word' id='word_1_45' title='bbox 1272 536 1328 595; x_wconf 81' lang='grc' dir='ltr'>ἐς</span> <span class='ocrx_word' id='word_1_46' title='bbox 1366 528 1542 639; x_wconf 75' lang='grc' dir='ltr'>ἄγρας</span> <span class='ocrx_word' id='word_1_47' title='bbox 1582 532 1907 607; x_wconf 74' lang='grc' dir='ltr'>φοιτέοντας</span> 
     </span>
     <span class='ocr_line' id='line_1_7' title="bbox 304 616 1907 697; baseline 0.002 -20"><span class='ocrx_word' id='word_1_48' title='bbox 304 616 651 695; x_wconf 78' lang='grc' dir='ltr'>εὐδοκιμέειν·</span> <span class='ocrx_word' id='word_1_49' title='bbox 685 623 782 681; x_wconf 80' lang='grc' dir='ltr'>νῦν</span> <span class='ocrx_word' id='word_1_50' title='bbox 800 620 861 680; x_wconf 89' lang='grc' dir='ltr'>δε</span> <span class='ocrx_word' id='word_1_51' title='bbox 886 620 1217 697; x_wconf 76' lang='grc' dir='ltr'>ἀμφοτέρων</span> <span class='ocrx_word' id='word_1_52' title='bbox 1239 644 1313 696; x_wconf 86' lang='grc' dir='ltr'>με</span> <span class='ocrx_word' id='word_1_53' title='bbox 1329 618 1535 679; x_wconf 78' lang='grc' dir='ltr'>τούτων</span> <span class='ocrx_word' id='word_1_54' title='bbox 1555 616 1907 694; x_wconf 67' lang='grc' dir='ltr'>ἀποκληίσας</span> 
     </span>
     <span class='ocr_line' id='line_1_8' title="bbox 307 703 1904 784; baseline 0.001 -21"><span class='ocrx_word' id='word_1_55' title='bbox 307 704 465 783; x_wconf 80' lang='grc' dir='ltr'>ἔχεις,</span> <span class='ocrx_word' id='word_1_56' title='bbox 496 731 624 766; x_wconf 91' lang='grc' dir='ltr'>ουτε</span> <span class='ocrx_word' id='word_1_57' title='bbox 661 706 786 767; x_wconf 74' lang='grc' dir='ltr'>τινὰ</span> <span class='ocrx_word' id='word_1_58' title='bbox 825 707 1036 784; x_wconf 83' lang='grc' dir='ltr'>δειλίην</span> <span class='ocrx_word' id='word_1_59' title='bbox 1067 732 1168 784; x_wconf 85' lang='grc' dir='ltr'>μοι</span> <span class='ocrx_word' id='word_1_60' title='bbox 1205 704 1449 783; x_wconf 89' lang='grc' dir='ltr'>παριδων</span> <span class='ocrx_word' id='word_1_61' title='bbox 1484 703 1611 764; x_wconf 76' lang='grc' dir='ltr'>οὔτε</span> <span class='ocrx_word' id='word_1_62' title='bbox 1646 704 1904 781; x_wconf 79' lang='grc' dir='ltr'>ἀθυμίην.</span> 
     </span>
     <span class='ocr_line' id='line_1_9' title="bbox 304 791 1908 875; baseline -0.002 -22"><span class='ocrx_word' id='word_1_63' title='bbox 304 795 404 853; x_wconf 80' lang='grc' dir='ltr'>νῦν</span> <span class='ocrx_word' id='word_1_64' title='bbox 440 818 503 851; x_wconf 90' lang='grc' dir='ltr'>τε</span> <span class='ocrx_word' id='word_1_65' title='bbox 539 793 726 853; x_wconf 88' lang='grc' dir='ltr'>τέοισί</span> <span class='ocrx_word' id='word_1_66' title='bbox 757 820 831 872; x_wconf 90' lang='grc' dir='ltr'>με</span> <span class='ocrx_word' id='word_1_67' title='bbox 864 794 976 875; x_wconf 75' lang='grc' dir='ltr'>χρὴ</span> <span class='ocrx_word' id='word_1_68' title='bbox 1015 792 1238 872; x_wconf 78' lang='grc' dir='ltr'>ὄμμασι</span> <span class='ocrx_word' id='word_1_69' title='bbox 1273 794 1327 857; x_wconf 84' lang='grc' dir='ltr'>ἔς</span> <span class='ocrx_word' id='word_1_70' title='bbox 1363 817 1427 853; x_wconf 88' lang='grc' dir='ltr'>τε</span> <span class='ocrx_word' id='word_1_71' title='bbox 1467 791 1677 874; x_wconf 77' lang='grc' dir='ltr'>α’γορήν</span> <span class='ocrx_word' id='word_1_72' title='bbox 1717 792 1810 852; x_wconf 85' lang='grc' dir='ltr'>καὶ</span> <span class='ocrx_word' id='word_1_73' title='bbox 1844 792 1908 861; x_wconf 81' lang='grc' dir='ltr'>ἐξ</span> 
     </span>
     <span class='ocr_line' id='line_1_10' title="bbox 305 877 1907 960; baseline -0.001 -21"><span class='ocrx_word' id='word_1_74' title='bbox 305 877 516 960; x_wconf 77' lang='grc' dir='ltr'>οἷγορῆς</span> <span class='ocrx_word' id='word_1_75' title='bbox 561 882 857 958; x_wconf 82' lang='grc' dir='ltr'>φοιτέοντα</span> <span class='ocrx_word' id='word_1_76' title='bbox 902 882 1205 959; x_wconf 87' lang='grc' dir='ltr'>φαίνεσθαι</span> <span class='ocrx_word' id='word_1_77' title='bbox 1211 906 1230 951; x_wconf 81' lang='lat'><em>3</em></span> <span class='ocrx_word' id='word_1_78' title='bbox 1286 882 1436 943; x_wconf 85' lang='grc' dir='ltr'>κοῖος</span> <span class='ocrx_word' id='word_1_79' title='bbox 1477 881 1583 957; x_wconf 87' lang='grc' dir='ltr'>μέν</span> <span class='ocrx_word' id='word_1_80' title='bbox 1626 904 1711 944; x_wconf 89' lang='grc' dir='ltr'>τις</span> <span class='ocrx_word' id='word_1_81' title='bbox 1752 882 1907 939; x_wconf 82' lang='grc' dir='ltr'>τοῖσι</span> 
     </span>
     <span class='ocr_line' id='line_1_11' title="bbox 304 966 1906 1049; baseline 0.001 -24"><span class='ocrx_word' id='word_1_82' title='bbox 304 967 613 1047; x_wconf 83' lang='grc' dir='ltr'>πολιήτῃσι</span> <span class='ocrx_word' id='word_1_83' title='bbox 647 968 789 1039; x_wconf 77' lang='grc' dir='ltr'>δόξω</span> <span class='ocrx_word' id='word_1_84' title='bbox 829 969 993 1045; x_wconf 74' lang='grc' dir='ltr'>εἴναι;</span> <span class='ocrx_word' id='word_1_85' title='bbox 1035 972 1186 1032; x_wconf 80' lang='grc' dir='ltr'>κοῖος</span> <span class='ocrx_word' id='word_1_86' title='bbox 1220 968 1283 1028; x_wconf 86' lang='grc' dir='ltr'>δέ</span> <span class='ocrx_word' id='word_1_87' title='bbox 1312 992 1399 1031; x_wconf 86' lang='grc' dir='ltr'>τις</span> <span class='ocrx_word' id='word_1_88' title='bbox 1428 971 1504 1047; x_wconf 81' lang='grc' dir='ltr'>τῇ</span> <span class='ocrx_word' id='word_1_89' title='bbox 1535 966 1787 1049; x_wconf 79' lang='grc' dir='ltr'>νεογάμῳ</span> <span class='ocrx_word' id='word_1_90' title='bbox 1809 992 1906 1047; x_wconf 90' lang='grc' dir='ltr'>γυ-</span> 
     </span>
     <span class='ocr_line' id='line_1_12' title="bbox 303 1052 1907 1135; baseline -0.002 -18"><span class='ocrx_word' id='word_1_91' title='bbox 303 1054 456 1117; x_wconf 79' lang='grc' dir='ltr'>ναικί</span> <span class='ocrx_word' id='word_1_92' title='bbox 457 1081 474 1125; x_wconf 85' lang='lat'><em>3</em></span> <span class='ocrx_word' id='word_1_93' title='bbox 517 1056 648 1135; x_wconf 74' lang='grc' dir='ltr'>κοίῳ</span> <span class='ocrx_word' id='word_1_94' title='bbox 675 1056 734 1116; x_wconf 80' lang='grc' dir='ltr'>δὲ</span> <span class='ocrx_word' id='word_1_95' title='bbox 765 1057 942 1133; x_wconf 86' lang='grc' dir='ltr'>ε’κείνη</span> <span class='ocrx_word' id='word_1_96' title='bbox 968 1055 1116 1126; x_wconf 78' lang='grc' dir='ltr'>δόξει</span> <span class='ocrx_word' id='word_1_97' title='bbox 1148 1055 1304 1133; x_wconf 78' lang='grc' dir='ltr'>ἀνδρὶ</span> <span class='ocrx_word' id='word_1_98' title='bbox 1332 1054 1661 1124; x_wconf 71' lang='grc' dir='ltr'>συνοικέεινς</span> <span class='ocrx_word' id='word_1_99' title='bbox 1704 1056 1801 1132; x_wconf 80' lang='grc' dir='ltr'>ε’μὲ</span> <span class='ocrx_word' id='word_1_100' title='bbox 1832 1052 1907 1114; x_wconf 75' lang='grc' dir='ltr'>ὧν</span> 
     </span>
     <span class='ocr_line' id='line_1_13' title="bbox 246 1139 1907 1224; baseline 0 -23"><span class='ocrx_word' id='word_1_101' title='bbox 246 1142 251 1149; x_wconf 73' lang='grc'><strong>’</strong></span> <span class='ocrx_word' id='word_1_102' title='bbox 301 1140 380 1201; x_wconf 73' lang='grc' dir='ltr'>σύ</span> <span class='ocrx_word' id='word_1_103' title='bbox 411 1139 448 1217; x_wconf 84' lang='grc' dir='ltr'>ἢ</span> <span class='ocrx_word' id='word_1_104' title='bbox 476 1143 642 1220; x_wconf 83' lang='grc' dir='ltr'>μέθες</span> <span class='ocrx_word' id='word_1_105' title='bbox 675 1144 811 1205; x_wconf 83' lang='grc' dir='ltr'>ἰέναι</span> <span class='ocrx_word' id='word_1_106' title='bbox 850 1146 943 1204; x_wconf 89' lang='grc' dir='ltr'>ε’πὶ</span> <span class='ocrx_word' id='word_1_107' title='bbox 979 1142 1084 1219; x_wconf 69' lang='grc' dir='ltr'>τὴν</span> <span class='ocrx_word' id='word_1_108' title='bbox 1123 1143 1317 1219; x_wconf 87' lang='grc' dir='ltr'>θήρην,</span> <span class='ocrx_word' id='word_1_109' title='bbox 1349 1140 1388 1218; x_wconf 83' lang='grc' dir='ltr'>ἢ</span> <span class='ocrx_word' id='word_1_110' title='bbox 1418 1140 1641 1224; x_wconf 83' lang='grc' dir='ltr'>λόγω’</span> <span class='ocrx_word' id='word_1_111' title='bbox 1603 1140 1907 1202; x_wconf 80' lang='grc' dir='ltr'>ανάπεισον</span> 
     </span>
     <span class='ocr_line' id='line_1_14' title="bbox 211 1226 1907 1307; baseline 0 -18"><span class='ocrx_word' id='word_1_112' title='bbox 211 1231 288 1289; x_wconf 84' lang='grc'>38</span> <span class='ocrx_word' id='word_1_113' title='bbox 305 1227 444 1294; x_wconf 81' lang='grc' dir='ltr'>ὅκως</span> <span class='ocrx_word' id='word_1_114' title='bbox 467 1256 566 1307; x_wconf 88' lang='grc' dir='ltr'>μοι</span> <span class='ocrx_word' id='word_1_115' title='bbox 591 1230 794 1307; x_wconf 85' lang='grc' dir='ltr'>οἷμείνω</span> <span class='ocrx_word' id='word_1_116' title='bbox 818 1232 943 1291; x_wconf 78' lang='grc' dir='ltr'>ἐστὶ</span> <span class='ocrx_word' id='word_1_117' title='bbox 959 1236 1137 1291; x_wconf 82' lang='grc' dir='ltr'>ταῦτα</span> <span class='ocrx_word' id='word_1_118' title='bbox 1156 1230 1297 1291; x_wconf 79' lang='grc' dir='ltr'>οὕτω</span> <span class='ocrx_word' id='word_1_119' title='bbox 1315 1228 1647 1306; x_wconf 58' lang='grc' dir='ltr'>ποιεόμεναῖ</span> <span class='ocrx_word' id='word_1_120' title='bbox 1631 1226 1664 1248; x_wconf 83' lang='grc'><strong><em>”</em></strong></span> <span class='ocrx_word' id='word_1_121' title='bbox 1722 1227 1907 1306; x_wconf 85' lang='grc' dir='ltr'>Ἀμεί-</span> 
     </span>
     <span class='ocr_line' id='line_1_15' title="bbox 304 1315 1908 1395; baseline 0.001 -19"><span class='ocrx_word' id='word_1_122' title='bbox 304 1319 473 1393; x_wconf 89' lang='grc' dir='ltr'>βεται</span> <span class='ocrx_word' id='word_1_123' title='bbox 491 1322 741 1395; x_wconf 84' lang='grc' dir='ltr'>Κροῖσος</span> <span class='ocrx_word' id='word_1_124' title='bbox 757 1318 969 1379; x_wconf 83' lang='grc' dir='ltr'>τοῖσδε·</span> <span class='ocrx_word' id='word_1_125' title='bbox 996 1317 1082 1376; x_wconf 69' lang='lat' dir='ltr'>“a”</span> <span class='ocrx_word' id='word_1_126' title='bbox 1101 1321 1221 1389; x_wconf 82' lang='grc' dir='ltr'>παῖ,</span> <span class='ocrx_word' id='word_1_127' title='bbox 1240 1315 1365 1378; x_wconf 75' lang='grc' dir='ltr'>οὔτε</span> <span class='ocrx_word' id='word_1_128' title='bbox 1383 1318 1595 1393; x_wconf 81' lang='grc' dir='ltr'>δειλίην</span> <span class='ocrx_word' id='word_1_129' title='bbox 1614 1315 1740 1377; x_wconf 76' lang='grc' dir='ltr'>οὔτε</span> <span class='ocrx_word' id='word_1_130' title='bbox 1757 1316 1908 1377; x_wconf 74' lang='grc' dir='ltr'>ἄλλο</span> 
     </span>
     <span class='ocr_line' id='line_1_16' title="bbox 306 1402 1907 1485; baseline 0.003 -22"><span class='ocrx_word' id='word_1_131' title='bbox 306 1402 464 1465; x_wconf 73' lang='grc' dir='ltr'>οὐδὲν</span> <span class='ocrx_word' id='word_1_132' title='bbox 487 1402 658 1485; x_wconf 75' lang='grc' dir='ltr'>ἄχαρι</span> <span class='ocrx_word' id='word_1_133' title='bbox 681 1404 927 1482; x_wconf 77' lang='grc' dir='ltr'>παριδών</span> <span class='ocrx_word' id='word_1_134' title='bbox 940 1430 1032 1466; x_wconf 85' lang='grc' dir='ltr'>τοι</span> <span class='ocrx_word' id='word_1_135' title='bbox 1055 1406 1223 1466; x_wconf 83' lang='grc' dir='ltr'>ποιέω</span> <span class='ocrx_word' id='word_1_136' title='bbox 1247 1407 1441 1465; x_wconf 83' lang='grc' dir='ltr'>ταῦτα·</span> <span class='ocrx_word' id='word_1_137' title='bbox 1478 1402 1633 1464; x_wconf 75' lang='grc' dir='ltr'>ἀλλά</span> <span class='ocrx_word' id='word_1_138' title='bbox 1656 1430 1755 1481; x_wconf 88' lang='grc' dir='ltr'>μοι</span> <span class='ocrx_word' id='word_1_139' title='bbox 1780 1403 1907 1483; x_wconf 81' lang='grc' dir='ltr'>ὄψις</span> 
     </span>
     <span class='ocr_line' id='line_1_17' title="bbox 306 1490 1908 1573; baseline 0 -21"><span class='ocrx_word' id='word_1_140' title='bbox 306 1490 520 1568; x_wconf 76' lang='grc' dir='ltr'>ὀνείρου</span> <span class='ocrx_word' id='word_1_141' title='bbox 557 1496 614 1553; x_wconf 90' lang='grc' dir='ltr'>ε’ν</span> <span class='ocrx_word' id='word_1_142' title='bbox 651 1496 730 1573; x_wconf 74' lang='grc' dir='ltr'>τῷ</span> <span class='ocrx_word' id='word_1_143' title='bbox 760 1492 914 1573; x_wconf 65' lang='grc' dir='ltr'>ὕπνῳ</span> <span class='ocrx_word' id='word_1_144' title='bbox 947 1496 1231 1553; x_wconf 80' lang='grc' dir='ltr'>ἐπιστᾶσα</span> <span class='ocrx_word' id='word_1_145' title='bbox 1266 1494 1375 1569; x_wconf 83' lang='grc' dir='ltr'>ἔφη</span> <span class='ocrx_word' id='word_1_146' title='bbox 1412 1516 1483 1551; x_wconf 91' lang='grc' dir='ltr'>σε</span> <span class='ocrx_word' id='word_1_147' title='bbox 1521 1490 1908 1572; x_wconf 79' lang='grc' dir='ltr'>ὀλιγοχρόνιον</span> 
     </span>
     <span class='ocr_line' id='line_1_18' title="bbox 309 1578 1908 1662; baseline 0.003 -25"><span class='ocrx_word' id='word_1_148' title='bbox 309 1579 561 1640; x_wconf 85' lang='grc' dir='ltr'>ἔσεσθαι·</span> <span class='ocrx_word' id='word_1_149' title='bbox 593 1578 704 1640; x_wconf 78' lang='grc' dir='ltr'>ὖπό</span> <span class='ocrx_word' id='word_1_150' title='bbox 719 1580 828 1662; x_wconf 73' lang='grc' dir='ltr'>γσῖρ</span> <span class='ocrx_word' id='word_1_151' title='bbox 848 1583 1054 1661; x_wconf 83' lang='grc' dir='ltr'>αἶχμῆς</span> <span class='ocrx_word' id='word_1_152' title='bbox 1073 1580 1333 1657; x_wconf 83' lang='grc' dir='ltr'>σιδηρέης</span> <span class='ocrx_word' id='word_1_153' title='bbox 1348 1578 1712 1639; x_wconf 75' lang='grc' dir='ltr'>ἀπολέεσθαι.</span> <span class='ocrx_word' id='word_1_154' title='bbox 1750 1578 1908 1657; x_wconf 71' lang='grc' dir='ltr'>’πρός</span> 
     </span>
     <span class='ocr_line' id='line_1_19' title="bbox 309 1664 1909 1749; baseline 0.001 -24"><span class='ocrx_word' id='word_1_155' title='bbox 309 1664 385 1726; x_wconf 82' lang='grc' dir='ltr'>ὦν</span> <span class='ocrx_word' id='word_1_156' title='bbox 405 1665 510 1742; x_wconf 80' lang='grc' dir='ltr'>τήν</span> <span class='ocrx_word' id='word_1_157' title='bbox 529 1665 659 1744; x_wconf 84' lang='grc' dir='ltr'>ὄψιν</span> <span class='ocrx_word' id='word_1_158' title='bbox 676 1668 896 1745; x_wconf 86' lang='grc' dir='ltr'>ταύτην,</span> <span class='ocrx_word' id='word_1_159' title='bbox 915 1667 1015 1730; x_wconf 88' lang='grc' dir='ltr'>τόν</span> <span class='ocrx_word' id='word_1_160' title='bbox 1038 1693 1101 1729; x_wconf 91' lang='grc' dir='ltr'>τε</span> <span class='ocrx_word' id='word_1_161' title='bbox 1123 1666 1309 1749; x_wconf 80' lang='grc' dir='ltr'>γάμον</span> <span class='ocrx_word' id='word_1_162' title='bbox 1326 1691 1415 1727; x_wconf 88' lang='grc' dir='ltr'>τοι</span> <span class='ocrx_word' id='word_1_163' title='bbox 1437 1670 1637 1727; x_wconf 84' lang='grc' dir='ltr'>τοῦτον</span> <span class='ocrx_word' id='word_1_164' title='bbox 1657 1666 1909 1728; x_wconf 80' lang='grc' dir='ltr'>ἔσπευσα</span> 
     </span>
     <span class='ocr_line' id='line_1_20' title="bbox 309 1753 1909 1835; baseline 0.003 -23"><span class='ocrx_word' id='word_1_165' title='bbox 309 1754 402 1813; x_wconf 82' lang='grc' dir='ltr'>καὶ</span> <span class='ocrx_word' id='word_1_166' title='bbox 418 1753 509 1814; x_wconf 81' lang='grc' dir='ltr'>ἐπὶ</span> <span class='ocrx_word' id='word_1_167' title='bbox 525 1754 598 1814; x_wconf 76' lang='grc' dir='ltr'>τὰ</span> <span class='ocrx_word' id='word_1_168' title='bbox 613 1754 1170 1834; x_wconf 83' lang='grc' dir='ltr'>παραλαμβανόμενα</span> <span class='ocrx_word' id='word_1_169' title='bbox 1186 1754 1286 1815; x_wconf 78' lang='grc' dir='ltr'>οὐκ</span> <span class='ocrx_word' id='word_1_170' title='bbox 1302 1753 1629 1831; x_wconf 78' lang='grc' dir='ltr'>ἀποπέμπω,</span> <span class='ocrx_word' id='word_1_171' title='bbox 1648 1753 1909 1835; x_wconf 77' lang='grc' dir='ltr'>φυλακὴν</span> 
     </span>
     <span class='ocr_line' id='line_1_21' title="bbox 304 1840 1906 1922; baseline -0.001 -21"><span class='ocrx_word' id='word_1_172' title='bbox 304 1842 450 1921; x_wconf 82' lang='grc' dir='ltr'>ἔχων</span> <span class='ocrx_word' id='word_1_173' title='bbox 475 1842 527 1901; x_wconf 77' lang='grc' dir='ltr'>εἴ</span> <span class='ocrx_word' id='word_1_174' title='bbox 547 1868 653 1907; x_wconf 89' lang='grc' dir='ltr'>κως</span> <span class='ocrx_word' id='word_1_175' title='bbox 673 1842 937 1922; x_wconf 80' lang='grc' dir='ltr'>δυναίμην</span> <span class='ocrx_word' id='word_1_176' title='bbox 957 1844 1047 1904; x_wconf 82' lang='grc' dir='ltr'>ἐπὶ</span> <span class='ocrx_word' id='word_1_177' title='bbox 1071 1846 1175 1918; x_wconf 78' lang='grc' dir='ltr'>τῆς</span> <span class='ocrx_word' id='word_1_178' title='bbox 1194 1846 1330 1920; x_wconf 87' lang='grc' dir='ltr'>ε’μῆς</span> <span class='ocrx_word' id='word_1_179' title='bbox 1348 1866 1420 1902; x_wconf 91' lang='grc' dir='ltr'>σε</span> <span class='ocrx_word' id='word_1_180' title='bbox 1444 1840 1573 1917; x_wconf 81' lang='grc' dir='ltr'>ζόης</span> <span class='ocrx_word' id='word_1_181' title='bbox 1592 1840 1906 1919; x_wconf 85' lang='grc' dir='ltr'>διακλέψαι.</span> 
     </span>
     <span class='ocr_line' id='line_1_22' title="bbox 309 1926 1907 2012; baseline -0.001 -24"><span class='ocrx_word' id='word_1_182' title='bbox 309 1929 388 1993; x_wconf 83' lang='grc' dir='ltr'>εἷς</span> <span class='ocrx_word' id='word_1_183' title='bbox 415 1928 540 2011; x_wconf 60' lang='grc' dir='ltr'>γάρ,</span> <span class='ocrx_word' id='word_1_184' title='bbox 557 1956 658 2007; x_wconf 90' lang='grc' dir='ltr'>μοι</span> <span class='ocrx_word' id='word_1_185' title='bbox 685 1935 890 2008; x_wconf 81' lang='grc' dir='ltr'>μοῦνος</span> <span class='ocrx_word' id='word_1_186' title='bbox 919 1930 1210 2012; x_wconf 83' lang='grc' dir='ltr'>τυγχάνεις</span> <span class='ocrx_word' id='word_1_187' title='bbox 1241 1929 1341 1991; x_wconf 76' lang='grc' dir='ltr'>ε’ὣν</span> <span class='ocrx_word' id='word_1_188' title='bbox 1374 1932 1524 1992; x_wconf 83' lang='grc' dir='ltr'>παῖς·</span> <span class='ocrx_word' id='word_1_189' title='bbox 1564 1926 1665 1987; x_wconf 80' lang='grc' dir='ltr'>τόν</span> <span class='ocrx_word' id='word_1_190' title='bbox 1692 1927 1802 2009; x_wconf 77' lang='grc' dir='ltr'>γὰρ</span> <span class='ocrx_word' id='word_1_191' title='bbox 1839 1928 1907 2004; x_wconf 74' lang='grc' dir='ltr'>δή</span> 
     </span>
     <span class='ocr_line' id='line_1_23' title="bbox 305 2014 1909 2097; baseline -0.002 -20"><span class='ocrx_word' id='word_1_192' title='bbox 305 2018 510 2096; x_wconf 79' lang='grc' dir='ltr'>ἔτερον,</span> <span class='ocrx_word' id='word_1_193' title='bbox 539 2018 943 2097; x_wconf 89' lang='grc' dir='ltr'>διεφθαρμένον</span> <span class='ocrx_word' id='word_1_194' title='bbox 971 2018 1075 2095; x_wconf 79' lang='grc' dir='ltr'>τὴν</span> <span class='ocrx_word' id='word_1_195' title='bbox 1105 2016 1298 2094; x_wconf 69' lang='grc' dir='ltr'>ἀκοὴν,</span> <span class='ocrx_word' id='word_1_196' title='bbox 1324 2016 1425 2078; x_wconf 82' lang='grc' dir='ltr'>οὗκ</span> <span class='ocrx_word' id='word_1_197' title='bbox 1458 2014 1601 2077; x_wconf 80' lang='grc' dir='ltr'>εἶναί</span> <span class='ocrx_word' id='word_1_198' title='bbox 1623 2040 1723 2092; x_wconf 86' lang='grc' dir='ltr'>μοι</span> <span class='ocrx_word' id='word_1_199' title='bbox 1752 2016 1909 2097; x_wconf 86' lang='grc' dir='ltr'>λογί-</span> 
     </span>
     <span class='ocr_line' id='line_1_24' title="bbox 215 2102 1909 2185; baseline -0.001 -21"><span class='ocrx_word' id='word_1_200' title='bbox 215 2106 288 2165; x_wconf 87' lang='grc'>39</span> <span class='ocrx_word' id='word_1_201' title='bbox 302 2104 526 2183; x_wconf 51' lang='grc' dir='ltr'>,ζομαι.”</span> <span class='ocrx_word' id='word_1_202' title='bbox 601 2106 928 2185; x_wconf 85' lang='grc' dir='ltr'>Ἀμείβεται</span> <span class='ocrx_word' id='word_1_203' title='bbox 973 2105 1006 2168; x_wconf 82' lang='grc' dir='ltr'>ὅ</span> <span class='ocrx_word' id='word_1_204' title='bbox 1049 2107 1265 2185; x_wconf 85' lang='grc' dir='ltr'>νεηνίης</span> <span class='ocrx_word' id='word_1_205' title='bbox 1300 2104 1513 2166; x_wconf 83' lang='grc' dir='ltr'>τοῖσδε·</span> <span class='ocrx_word' id='word_1_206' title='bbox 1561 2113 1597 2140; x_wconf 89' lang='grc'><strong>“</strong></span> <span class='ocrx_word' id='word_1_207' title='bbox 1605 2102 1909 2185; x_wconf 79' lang='grc' dir='ltr'>συγγνώμη</span> 
     </span>
     <span class='ocr_line' id='line_1_25' title="bbox 303 2191 1909 2276; baseline -0.002 -23"><span class='ocrx_word' id='word_1_208' title='bbox 303 2196 427 2269; x_wconf 84' lang='grc' dir='ltr'>μὲν,</span> <span class='ocrx_word' id='word_1_209' title='bbox 461 2192 505 2252; x_wconf 78' lang='grc' dir='ltr'>ὦ</span> <span class='ocrx_word' id='word_1_210' title='bbox 536 2193 729 2272; x_wconf 79' lang='grc' dir='ltr'>πάτερ,</span> <span class='ocrx_word' id='word_1_211' title='bbox 755 2196 845 2255; x_wconf 85' lang='grc' dir='ltr'>τοὶ</span> <span class='ocrx_word' id='word_1_212' title='bbox 877 2193 1050 2255; x_wconf 80' lang='grc' dir='ltr'>ἰδόντι</span> <span class='ocrx_word' id='word_1_213' title='bbox 1082 2220 1153 2276; x_wconf 91' lang='grc' dir='ltr'>γε</span> <span class='ocrx_word' id='word_1_214' title='bbox 1186 2192 1319 2272; x_wconf 83' lang='grc' dir='ltr'>ὅψιν</span> <span class='ocrx_word' id='word_1_215' title='bbox 1350 2191 1612 2269; x_wconf 73' lang='grc' dir='ltr'>τοιαύτην</span> <span class='ocrx_word' id='word_1_216' title='bbox 1644 2192 1772 2269; x_wconf 87' lang='grc' dir='ltr'>περὶ</span> <span class='ocrx_word' id='word_1_217' title='bbox 1812 2194 1909 2267; x_wconf 81' lang='grc' dir='ltr'>ἐμὲ</span> 
     </span>
     <span class='ocr_line' id='line_1_26' title="bbox 310 2278 1910 2359; baseline -0.001 -20"><span class='ocrx_word' id='word_1_218' title='bbox 310 2278 572 2355; x_wconf 77' lang='grc' dir='ltr'>φυλακὴν</span> <span class='ocrx_word' id='word_1_219' title='bbox 604 2282 766 2359; x_wconf 83' lang='grc' dir='ltr'>ἔχειν·</span> <span class='ocrx_word' id='word_1_220' title='bbox 805 2280 874 2342; x_wconf 81' lang='grc' dir='ltr'><em>τό</em></span> <span class='ocrx_word' id='word_1_221' title='bbox 905 2282 965 2341; x_wconf 83' lang='grc' dir='ltr'>δὲ</span> <span class='ocrx_word' id='word_1_222' title='bbox 995 2280 1068 2341; x_wconf 70' lang='grc' dir='ltr'>οὔ</span> <span class='ocrx_word' id='word_1_223' title='bbox 1093 2278 1388 2357; x_wconf 75' lang='grc' dir='ltr'>μανθάνεις</span> <span class='ocrx_word' id='word_1_224' title='bbox 1412 2278 1568 2339; x_wconf 74' lang='grc' dir='ltr'>ἀλλὰ</span> <span class='ocrx_word' id='word_1_225' title='bbox 1597 2278 1811 2354; x_wconf 88' lang='grc' dir='ltr'>λέληθέ</span> <span class='ocrx_word' id='word_1_226' title='bbox 1837 2302 1910 2338; x_wconf 91' lang='grc' dir='ltr'>σε</span> 
     </span>
     <span class='ocr_line' id='line_1_27' title="bbox 307 2364 1909 2445; baseline 0.001 -19"><span class='ocrx_word' id='word_1_227' title='bbox 307 2365 376 2427; x_wconf 75' lang='grc' dir='ltr'>τὰ</span> <span class='ocrx_word' id='word_1_228' title='bbox 402 2365 629 2443; x_wconf 81' lang='grc' dir='ltr'>ὄνειρον,</span> <span class='ocrx_word' id='word_1_229' title='bbox 657 2368 757 2443; x_wconf 85' lang='grc' dir='ltr'>ε’μέ</span> <span class='ocrx_word' id='word_1_230' title='bbox 775 2392 866 2443; x_wconf 89' lang='grc' dir='ltr'>τοι</span> <span class='ocrx_word' id='word_1_231' title='bbox 891 2365 1100 2428; x_wconf 87' lang='grc' dir='ltr'>δίκαιόν</span> <span class='ocrx_word' id='word_1_232' title='bbox 1125 2371 1250 2426; x_wconf 89' lang='grc' dir='ltr'>ε’στι</span> <span class='ocrx_word' id='word_1_233' title='bbox 1275 2366 1525 2443; x_wconf 80' lang='grc' dir='ltr'>φράζειν.</span> <span class='ocrx_word' id='word_1_234' title='bbox 1592 2365 1707 2445; x_wconf 80' lang='grc' dir='ltr'>φῄς</span> <span class='ocrx_word' id='word_1_235' title='bbox 1730 2390 1819 2425; x_wconf 90' lang='grc' dir='ltr'>τοι</span> <span class='ocrx_word' id='word_1_236' title='bbox 1841 2364 1909 2427; x_wconf 73' lang='grc' dir='ltr'>τὰ</span> 
     </span>
     <span class='ocr_line' id='line_1_28' title="bbox 308 2452 1908 2533; baseline -0.001 -19"><span class='ocrx_word' id='word_1_237' title='bbox 308 2452 521 2531; x_wconf 79' lang='grc' dir='ltr'>ὄνειρον</span> <span class='ocrx_word' id='word_1_238' title='bbox 545 2452 654 2515; x_wconf 75' lang='grc' dir='ltr'>ὖπό</span> <span class='ocrx_word' id='word_1_239' title='bbox 682 2458 888 2533; x_wconf 62' lang='grc' dir='ltr'>αἷῃιῆς</span> <span class='ocrx_word' id='word_1_240' title='bbox 919 2452 1181 2530; x_wconf 85' lang='grc' dir='ltr'>σιδηρέης</span> <span class='ocrx_word' id='word_1_241' title='bbox 1208 2452 1383 2529; x_wconf 78' lang='grc' dir='ltr'>φάναι</span> <span class='ocrx_word' id='word_1_242' title='bbox 1414 2454 1511 2530; x_wconf 78' lang='grc' dir='ltr'>ἐμὲ</span> <span class='ocrx_word' id='word_1_243' title='bbox 1534 2452 1908 2527; x_wconf 77' lang='grc' dir='ltr'>τελευτήσειν·</span> 
     </span>
     <span class='ocr_line' id='line_1_29' title="bbox 308 2536 1907 2621; baseline -0.002 -22"><span class='ocrx_word' id='word_1_244' title='bbox 308 2540 407 2605; x_wconf 78' lang='grc' dir='ltr'>ὖός</span> <span class='ocrx_word' id='word_1_245' title='bbox 439 2541 499 2600; x_wconf 82' lang='grc' dir='ltr'>δὲ</span> <span class='ocrx_word' id='word_1_246' title='bbox 529 2544 676 2601; x_wconf 88' lang='grc' dir='ltr'>κοῖαι</span> <span class='ocrx_word' id='word_1_247' title='bbox 699 2542 804 2620; x_wconf 83' lang='grc' dir='ltr'>μέν</span> <span class='ocrx_word' id='word_1_248' title='bbox 828 2545 942 2601; x_wconf 84' lang='grc' dir='ltr'>εἶσι</span> <span class='ocrx_word' id='word_1_249' title='bbox 965 2545 1171 2621; x_wconf 81' lang='grc' dir='ltr'>χεῖρες;</span> <span class='ocrx_word' id='word_1_250' title='bbox 1214 2540 1337 2615; x_wconf 88' lang='grc' dir='ltr'>κοίη</span> <span class='ocrx_word' id='word_1_251' title='bbox 1364 2538 1424 2599; x_wconf 84' lang='grc' dir='ltr'>δὲ</span> <span class='ocrx_word' id='word_1_252' title='bbox 1454 2536 1632 2617; x_wconf 73' lang='grc' dir='ltr'>αἰχμὴ</span> <span class='ocrx_word' id='word_1_253' title='bbox 1658 2539 1907 2616; x_wconf 84' lang='grc' dir='ltr'>σιδηρέη,</span> 
     </span>
     <span class='ocr_line' id='line_1_30' title="bbox 307 2623 1910 2710; baseline -0.004 -21"><span class='ocrx_word' id='word_1_254' title='bbox 307 2626 380 2703; x_wconf 82' lang='grc' dir='ltr'>ἢν</span> <span class='ocrx_word' id='word_1_255' title='bbox 405 2627 480 2689; x_wconf 78' lang='grc' dir='ltr'><strong><em>σύ</em></strong></span> <span class='ocrx_word' id='word_1_256' title='bbox 501 2629 738 2706; x_wconf 83' lang='grc' dir='ltr'>φοβέαι;</span> <span class='ocrx_word' id='word_1_257' title='bbox 773 2632 822 2688; x_wconf 81' lang='grc' dir='ltr'>εἰ</span> <span class='ocrx_word' id='word_1_258' title='bbox 845 2630 950 2705; x_wconf 77' lang='grc' dir='ltr'>μὲν</span> <span class='ocrx_word' id='word_1_259' title='bbox 966 2627 1077 2710; x_wconf 84' lang='grc' dir='ltr'>γοὶρ</span> <span class='ocrx_word' id='word_1_260' title='bbox 1094 2625 1205 2688; x_wconf 75' lang='grc' dir='ltr'>ὕπὸ</span> <span class='ocrx_word' id='word_1_261' title='bbox 1225 2625 1447 2689; x_wconf 82' lang='grc' dir='ltr'>ὀδόντος</span> <span class='ocrx_word' id='word_1_262' title='bbox 1470 2649 1561 2684; x_wconf 90' lang='grc' dir='ltr'>τοι</span> <span class='ocrx_word' id='word_1_263' title='bbox 1579 2623 1702 2684; x_wconf 81' lang='grc' dir='ltr'>εἶπε</span> <span class='ocrx_word' id='word_1_264' title='bbox 1721 2628 1910 2684; x_wconf 90' lang='grc' dir='ltr'>τελευ-</span> 
     </span>
     <span class='ocr_line' id='line_1_31' title="bbox 307 2710 1911 2795; baseline -0.003 -18"><span class='ocrx_word' id='word_1_265' title='bbox 307 2714 504 2791; x_wconf 82' lang='grc' dir='ltr'>τήσειν</span> <span class='ocrx_word' id='word_1_266' title='bbox 526 2742 616 2794; x_wconf 94' lang='grc' dir='ltr'>με,</span> <span class='ocrx_word' id='word_1_267' title='bbox 642 2714 679 2793; x_wconf 82' lang='grc' dir='ltr'><strong><em>ἦ</em></strong></span> <span class='ocrx_word' id='word_1_268' title='bbox 704 2714 888 2776; x_wconf 76' lang='grc' dir='ltr'>ἄλλου</span> <span class='ocrx_word' id='word_1_269' title='bbox 911 2741 1006 2775; x_wconf 89' lang='grc' dir='ltr'>τευ</span> <span class='ocrx_word' id='word_1_270' title='bbox 1038 2714 1070 2776; x_wconf 83' lang='grc' dir='ltr'><em>ὅ</em></span> <span class='ocrx_word' id='word_1_271' title='bbox 1103 2741 1163 2776; x_wconf 88' lang='grc' dir='ltr'>τι</span> <span class='ocrx_word' id='word_1_272' title='bbox 1178 2712 1365 2795; x_wconf 27' lang='grc' dir='ltr'>,τούτῳ</span> <span class='ocrx_word' id='word_1_273' title='bbox 1390 2713 1548 2783; x_wconf 82' lang='grc' dir='ltr'>ἔοικε,</span> <span class='ocrx_word' id='word_1_274' title='bbox 1573 2714 1720 2793; x_wconf 80' lang='grc' dir='ltr'>χρῆν</span> <span class='ocrx_word' id='word_1_275' title='bbox 1744 2710 1817 2786; x_wconf 81' lang='grc' dir='ltr'>δή</span> <span class='ocrx_word' id='word_1_276' title='bbox 1840 2736 1911 2772; x_wconf 89' lang='grc' dir='ltr'>σε</span> 
     </span>
     <span class='ocr_line' id='line_1_32' title="bbox 309 2799 1910 2882; baseline -0.002 -21"><span class='ocrx_word' id='word_1_277' title='bbox 309 2804 516 2864; x_wconf 89' lang='grc' dir='ltr'>ποιέειν</span> <span class='ocrx_word' id='word_1_278' title='bbox 539 2804 612 2863; x_wconf 81' lang='grc' dir='ltr'>τιί</span> <span class='ocrx_word' id='word_1_279' title='bbox 636 2804 856 2868; x_wconf 89' lang='grc' dir='ltr'>ποιέεις·</span> <span class='ocrx_word' id='word_1_280' title='bbox 888 2806 987 2864; x_wconf 82' lang='grc' dir='ltr'>νῦν</span> <span class='ocrx_word' id='word_1_281' title='bbox 1005 2802 1065 2863; x_wconf 79' lang='grc' dir='ltr'>δὲ</span> <span class='ocrx_word' id='word_1_282' title='bbox 1091 2801 1205 2863; x_wconf 79' lang='grc' dir='ltr'>ὖπὸ</span> <span class='ocrx_word' id='word_1_283' title='bbox 1226 2804 1451 2882; x_wconf 77' lang='grc' dir='ltr'>αἰχμῆς.</span> <span class='ocrx_word' id='word_1_284' title='bbox 1519 2799 1644 2860; x_wconf 77' lang='grc' dir='ltr'>ἐπεί</span> <span class='ocrx_word' id='word_1_285' title='bbox 1661 2823 1725 2860; x_wconf 87' lang='grc' dir='ltr'>τε</span> <span class='ocrx_word' id='word_1_286' title='bbox 1750 2824 1825 2859; x_wconf 94' lang='grc' dir='ltr'>ων</span> <span class='ocrx_word' id='word_1_287' title='bbox 1843 2824 1910 2858; x_wconf 93' lang='grc' dir='ltr'>ου</span> 
     </span>
     <span class='ocr_line' id='line_1_33' title="bbox 210 2884 1911 2973; baseline -0.005 -21"><span class='ocrx_word' id='word_1_288' title='bbox 210 2894 294 2952; x_wconf 77' lang='grc'>’40</span> <span class='ocrx_word' id='word_1_289' title='bbox 311 2890 453 2969; x_wconf 76' lang='grc' dir='ltr'>πρὸς</span> <span class='ocrx_word' id='word_1_290' title='bbox 475 2890 731 2969; x_wconf 72' lang='grc' dir='ltr'>ἅνδρας“</span> <span class='ocrx_word' id='word_1_291' title='bbox 692 2894 830 2968; x_wconf 80' lang='grc' dir='ltr'>ημῖν</span> <span class='ocrx_word' id='word_1_292' title='bbox 853 2892 1064 2973; x_wconf 88' lang='grc' dir='ltr'>γίνεται</span> <span class='ocrx_word' id='word_1_293' title='bbox 1088 2890 1127 2970; x_wconf 83' lang='grc' dir='ltr'><strong><em>ἡ</em></strong></span> <span class='ocrx_word' id='word_1_294' title='bbox 1154 2888 1328 2970; x_wconf 76' lang='grc' dir='ltr'>μάχη,</span> <span class='ocrx_word' id='word_1_295' title='bbox 1347 2889 1513 2967; x_wconf 88' lang='grc' dir='ltr'>μέθες</span> <span class='ocrx_word' id='word_1_296' title='bbox 1534 2912 1626 2965; x_wconf 85' lang='grc' dir='ltr'>με.</span> <span class='ocrx_word' id='word_1_297' title='bbox 1626 2884 1659 2907; x_wconf 83' lang='grc'><strong><em>”</em></strong></span> <span class='ocrx_word' id='word_1_298' title='bbox 1724 2884 1911 2964; x_wconf 86' lang='grc' dir='ltr'>Ἀμεί-</span> 
     </span>
     <span class='ocr_line' id='line_1_34' title="bbox 309 2973 1912 3058; baseline -0.004 -19"><span class='ocrx_word' id='word_1_299' title='bbox 309 2983 478 3057; x_wconf 86' lang='grc' dir='ltr'>βεται</span> <span class='ocrx_word' id='word_1_300' title='bbox 517 2983 786 3058; x_wconf 84' lang='grc' dir='ltr'>Κροῖσος·</span> <span class='ocrx_word' id='word_1_301' title='bbox 825 2976 914 3037; x_wconf 79' lang='grc' dir='ltr'>“ὧ</span> <span class='ocrx_word' id='word_1_302' title='bbox 953 2981 1073 3048; x_wconf 82' lang='grc' dir='ltr'>παῖ,</span> <span class='ocrx_word' id='word_1_303' title='bbox 1110 2980 1234 3039; x_wconf 81' lang='grc' dir='ltr'>ἔστι</span> <span class='ocrx_word' id='word_1_304' title='bbox 1271 2980 1346 3057; x_wconf 79' lang='grc' dir='ltr'>τῇ</span> <span class='ocrx_word' id='word_1_305' title='bbox 1382 3001 1456 3053; x_wconf 88' lang='grc' dir='ltr'>με</span> <span class='ocrx_word' id='word_1_306' title='bbox 1493 2978 1650 3054; x_wconf 75' lang='grc' dir='ltr'>νικᾷς</span> <span class='ocrx_word' id='word_1_307' title='bbox 1684 2973 1912 3055; x_wconf 77' lang='grc' dir='ltr'>γνώμην</span> 
     </span>
     <span class='ocr_line' id='line_1_35' title="bbox 311 3062 1909 3146; baseline -0.006 -19"><span class='ocrx_word' id='word_1_308' title='bbox 311 3066 638 3146; x_wconf 76' lang='grc' dir='ltr'>ἀποφαίνων</span> <span class='ocrx_word' id='word_1_309' title='bbox 660 3066 790 3144; x_wconf 83' lang='grc' dir='ltr'>περὶ</span> <span class='ocrx_word' id='word_1_310' title='bbox 813 3068 914 3127; x_wconf 79' lang='grc' dir='ltr'>τοῦ</span> <span class='ocrx_word' id='word_1_311' title='bbox 940 3067 1212 3127; x_wconf 79' lang='grc' dir='ltr'>ἐνυπνίου·</span> <span class='ocrx_word' id='word_1_312' title='bbox 1246 3064 1318 3129; x_wconf 77' lang='grc' dir='ltr'>ὥς</span> <span class='ocrx_word' id='word_1_313' title='bbox 1342 3062 1417 3125; x_wconf 79' lang='grc' dir='ltr'>ὧν</span> <span class='ocrx_word' id='word_1_314' title='bbox 1435 3062 1783 3140; x_wconf 86' lang='grc' dir='ltr'>νενικημένος</span> <span class='ocrx_word' id='word_1_315' title='bbox 1799 3084 1909 3119; x_wconf 87' lang='grc' dir='ltr'>υπο</span> 
     </span>
     <span class='ocr_line' id='line_1_36' title="bbox 311 3142 1911 3261; baseline -0.005 -46"><span class='ocrx_word' id='word_1_316' title='bbox 311 3157 416 3217; x_wconf 89' lang='grc' dir='ltr'>σέο</span> <span class='ocrx_word' id='word_1_317' title='bbox 438 3153 849 3237; x_wconf 79' lang='grc' dir='ltr'>μεταγινώσκω,</span> <span class='ocrx_word' id='word_1_318' title='bbox 874 3154 1107 3261; x_wconf 79' lang='grc' dir='ltr'>μετίημί</span> <span class='ocrx_word' id='word_1_319' title='bbox 1118 3153 1187 3215; x_wconf 86' lang='grc' dir='ltr'>τέ</span> <span class='ocrx_word' id='word_1_320' title='bbox 1202 3177 1274 3214; x_wconf 88' lang='grc' dir='ltr'>σε</span> <span class='ocrx_word' id='word_1_321' title='bbox 1300 3152 1437 3213; x_wconf 77' lang='grc' dir='ltr'>ἰέναι</span> <span class='ocrx_word' id='word_1_322' title='bbox 1456 3149 1548 3212; x_wconf 78' lang='grc' dir='ltr'>ἐπὶ</span> <span class='ocrx_word' id='word_1_323' title='bbox 1564 3173 1670 3227; x_wconf 89' lang='grc' dir='ltr'>την</span> <span class='ocrx_word' id='word_1_324' title='bbox 1684 3142 1911 3228; x_wconf 83' lang='grc' dir='ltr'>ἄγρην.</span> 
     </span>
    </p>
   </div>
   <div class='ocr_carea' id='block_1_2' title="bbox 219 3229 1914 3331">
    <p class='ocr_par' dir='ltr' id='par_1_2' title="bbox 219 3229 1914 3331">
     <span class='ocr_line' id='line_1_37' title="bbox 219 3229 1914 3331; baseline -0.004 -32"><span class='ocrx_word' id='word_1_325' title='bbox 219 3242 293 3301; x_wconf 85' lang='lat'>41</span> <span class='ocrx_word' id='word_1_326' title='bbox 391 3244 572 3331; x_wconf 79' lang='grc' dir='ltr'>Εἶπας</span> <span class='ocrx_word' id='word_1_327' title='bbox 589 3243 651 3305; x_wconf 74' lang='grc' dir='ltr'>δὲ</span> <span class='ocrx_word' id='word_1_328' title='bbox 662 3244 840 3307; x_wconf 83' lang='grc' dir='ltr'>ταῦτα</span> <span class='ocrx_word' id='word_1_329' title='bbox 858 3268 891 3303; x_wconf 95' lang='grc' dir='ltr'>ο</span> <span class='ocrx_word' id='word_1_330' title='bbox 874 3240 1161 3320; x_wconf 85' lang='grc' dir='ltr'>Κροῖσος</span> <span class='ocrx_word' id='word_1_331' title='bbox 1172 3240 1592 3320; x_wconf 85' lang='grc' dir='ltr'>μεταπέμπεται</span> <span class='ocrx_word' id='word_1_332' title='bbox 1604 3235 1705 3297; x_wconf 85' lang='grc' dir='ltr'>τόν</span> <span class='ocrx_word' id='word_1_333' title='bbox 1718 3229 1914 3313; x_wconf 81' lang='grc' dir='ltr'>Φρύγα</span> 
     </span>
    </p>
   </div>
   <div class='ocr_carea' id='block_1_3' title="bbox 2232 1180 2236 2097">
    <p class='ocr_par' dir='ltr' id='par_1_3' title="bbox 2232 1180 2236 2097">
     <span class='ocr_line' id='line_1_38' title="bbox 2232 1180 2236 2097; baseline 0 0"><span class='ocrx_word' id='word_1_334' title='bbox 2232 1180 2236 2097; x_wconf 95' lang='lat' dir='ltr'> </span> 
     </span>
    </p>
   </div>
   <div class='ocr_carea' id='block_1_4' title="bbox 2232 2394 2235 3079">
    <p class='ocr_par' dir='ltr' id='par_1_4' title="bbox 2232 2394 2235 3079">
     <span class='ocr_line' id='line_1_39' title="bbox 2232 2394 2235 3079; baseline 0 0"><span class='ocrx_word' id='word_1_335' title='bbox 2232 2394 2235 3079; x_wconf 95' lang='lat' dir='ltr'> </span> 
     </span>
    </p>
   </div>
  </div>
 </body>
</html>
