2267 3517
20 3352 223 3433 μ

336 108 426 159 178
962 110 1312 158 HPOAo'ro'r
1831 108 1932 173 [Π.

328 190 440 247 τῶν
462 186 749 264 προτέρων
772 187 1066 262 βασιλέων
1092 184 1358 246 δεδόσθαι
1383 185 1694 264 ἐξαιρέτους
1719 184 1938 267 ἑκάστῳ

332 272 573 333 δυώδεκα
613 272 869 350 ἀρούρας·
912 272 1053 349 μετά
1102 272 1178 343 δὲ,
1228 273 1311 333 ἐπ’
1359 274 1646 353 Αἴγυπτον
1688 273 1938 335 ἐλαύνειν

330 360 578 438 στρατόν
612 360 795 441 μέγαν
832 359 1230 439 Σαναχάριβον
1266 361 1523 436 βασιλέα
1550 360 1838 439 Ἀραβίων
1872 386 1937 423 τε

332 450 426 509 καὶ
470 448 808 526 Ἀσσυρίων·
884 446 1057 509 οὔκων
1104 447 1174 523 δὴ
1223 449 1437 509 ἐθέλειν
1479 448 1610 513 τούς
1655 450 1937 528 μαχίμους

326 540 440 598 τῶν
490 538 808 619 Αἰγυπτίων
853 536 1136 613 βοηθέειν,
1182 535 1282 597 τᾶν
1323 536 1384 596 δὲ
1427 536 1547 613 ἱρέα
1589 541 1646 600 ἐς
1697 536 1935 614 ἀπορίην

328 624 716 703 ἀπειλημένον,
740 622 1052 685 ἐσελθόντα
1072 628 1127 687 ἐς
1143 623 1212 683 τό
1229 624 1477 705 μέγαρον
1501 623 1644 701 πρὸς
1657 623 1934 705 τῶγαλμα

326 712 709 791 ἀποδύρεσθαι
748 713 841 773 οἶα
880 710 1176 772 κινδυνεύει
1215 712 1460 773 παθέειν·
1508 711 1934 790 ὀλοφυρόμενον

328 799 377 861 δ’
416 800 527 879 ἄρα
565 826 663 878 μιν
702 800 958 871 ἐπελθεῖν
996 798 1188 869 ὕπνον,
1217 800 1315 860 καί
1351 802 1406 860 οἱ
1445 797 1602 869 δόξαι
1635 804 1694 861 ἐν
1724 804 1797 877 τῇ
1830 799 1932 879 ὄψι

327 888 634 950 ἐπιστάντα
676 889 778 950 τᾶν
824 886 953 949 θεόν
1001 886 1313 966 θαρσύνειν,
1357 886 1428 951 ὥς
1473 886 1631 948 οὐδὲν
1675 889 1931 949 πείσεται

328 975 499 1057 ἄχαρι
538 975 806 1049 ἀντιάζων
842 976 943 1039 τόν
980 974 1270 1052 Ἀραβίων
1310 973 1577 1053 στρατόν·
1617 974 1784 1039 abrae
1818 976 1930 1057 γάρ

326 1068 383 1125 οἱ
406 1066 648 1143 πέμψειν
673 1062 965 1143 τιμωρούς·
1006 1062 1261 1124 τούτοισι
1295 1062 1364 1138 δή
1388 1088 1488 1140 μιν
1511 1063 1752 1124 πίσυνον
1775 1067 1930 1124 τοῖσι

328 1154 649 1226 ἐνυπνίοισι,
701 1150 1115 1230 παραλαβόντα
1167 1151 1483 1232 Αἰγυπτίων
1533 1150 1662 1214 τοῦς
1715 1151 1926 1228 βουλο-

324 1241 524 1317 μένους
548 1242 602 1300 of.
629 1240 868 1301 ἔπεσθαι
892 1237 1488 1317 στρατοπεδεύσασθαι
1515 1242 1574 1299 ἐν
1599 1239 1928 1319 Πηλουσίῳ·

324 1328 499 1406 ταύτῃ
548 1326 660 1407 γάρ
714 1330 827 1387 εἶσι
880 1329 940 1386 αἶ
992 1326 1259 1403 ἐσβολαί·
1323 1327 1560 1388 ἔπεσθαι
1612 1326 1675 1386 δέ
1720 1329 1775 1387 οἱ
1819 1332 1930 1388 τῶν

324 1416 585 1494 μαχίμων
611 1415 716 1491 μὲν
743 1412 940 1473 οὐδένα
964 1412 1194 1490 ἀνδρῶν,
1219 1413 1508 1489 καπήλους
1533 1413 1593 1473 δὲ
1619 1414 1712 1473 καὶ
1737 1414 1928 1493 χειρώ-

322 1527 525 1565 νακτας
570 1500 664 1560 καὶ
707 1499 1005 1583 ἀγοραίους
1049 1499 1392 1578 ἀνθρώπους·
1451 1502 1688 1563 ἐνθαῦτα
1734 1500 1930 1563 ἀπικο·

320 1590 521 1668 μένους
552 1591 707 1648 τοῖσι
744 1587 1047 1649 ἐναντίοισι
1078 1586 1303 1649 αὐτοῖσι
1338 1589 1699 1669 ἐπιχυθέντας
1733 1590 1927 1655 νυκτὸς

320 1682 427 1755 μῦς
452 1675 781 1754 ἀρουραίους
806 1676 947 1736 κατὰ
972 1678 1077 1753 μὲν
1110 1677 1342 1759 φαγέειν
1375 1676 1508 1741 τούς
1541 1682 1927 1756 φαρετρεῶνας

321 1764 518 1837 αὐτῶν,
558 1763 699 1824 κατά.
738 1764 800 1824 δὲ
834 1763 907 1825 τά
946 1763 1101 1835 τόξα,
1144 1763 1287 1843 πρὸς
1327 1764 1388 1825 δὲ
1421 1768 1532 1825 τῶν
1562 1764 1814 1827 ἀσπίδων
1851 1767 1926 1827 τὰ

321 1851 517 1934 ὄχανα,
544 1850 692 1913 ὥστε
724 1855 797 1931 τῇ
832 1850 1102 1931 ὖστεραίῃ
1134 1850 1453 1933 φευγόντων
1483 1852 1678 1928 σφέων
1702 1856 1925 1933 γυμνῶν

320 1940 559 2024 [ὅπλων]
602 1940 827 2001 πεσέειν
865 1939 1137 2003 πολλούς.
1221 1939 1315 1999 καὶ
1354 1943 1450 2001 νῦν
1491 1938 1651 2003 οὗτος
1681 1940 1716 2001 ὅ
1750 1942 1923 2017 βασι·

318 2028 449 2095 xeo«,-
476 2030 677 2107 ἔστηκε
715 2033 775 2089 ἐν
806 2032 886 2107 τῷ
923 2030 1020 2107 {pf
1048 2031 1152 2088 τοῦ
1185 2026 1513 2105 Ἡφαίστου
1544 2028 1758 2092 λίθινος
1785 2028 1922 2108 ἔχων

318 2117 411 2178 ἐπὶ
434 2121 535 2193 τῆς
559 2114 747 2197 χειρός
776 2118 903 2194 μῦν,
929 2117 1111 2194 λέγων
1137 2114 1230 2176 διά
1262 2113 1606 2196 γραμμάτων
1628 2114 1780 2176 τάδε·
1820 2118 1920 2182 ΕΣ

315 2210 481 2264 ΕΜΕ
513 2205 639 2269 TI}
670 2203 954 2263 ΟΡΕΩΝ
985 2204 1347 2268 ΕΥΣΕΒΗΣ
1378 2204 1596 2268 ΕΣΤΩ.

230 2293 342 2351 142
397 2289 493 2355 Ἐς
530 2293 636 2368 μὲν
672 2288 909 2351 τοσόνδε
945 2293 1047 2350 τοῦ
1086 2289 1266 2371 λόγου
1301 2289 1606 2372 Αἰγύπτιοί
1633 2317 1697 2352 τε
1733 2291 1826 2351 καὶ
1865 2293 1941 2353 οἷ’

321 2377 461 2454 ἱρέες
495 2379 707 2459 ἔλεγον,
738 2375 1154 2441 ἀποδεικνύντες
1191 2376 1305 2438 ἀπο
1344 2381 1446 2438 τοῦ
1454 2404 1710 2488 Απρωτου
1745 2381 1921 2456 βασι·

314 2463 447 2528 λέος
488 2470 544 2528 ἐς
582 2489 682 2525 του
724 2463 1051 2540 Ἡφαίστου
1084 2490 1186 2526 τον
1219 2464 1340 2543 ἱρέα
1380 2468 1580 2526 τοῦτον
1611 2493 1711 2528 τον
1734 2471 1921 2529 τελευ-

314 2555 475 2613 ταῖον
505 2550 938 2629 βασιλεύσαντα
968 2553 1105 2629 μίαν
1144 2576 1208 2613 τε
1247 2552 1342 2613 καὶ
1370 2553 1787 2631 τεσσεράκοντα
1827 2556 1920 2617 καὶ

313 2640 637 2718 τριηκοσίας
672 2638 972 2717 ἀνθρώπων
1006 2638 1201 2721 γενεάς
1233 2641 1551 2722 γενομένας,
1579 2642 1673 2701 καὶ
1709 2648 1769 2703 ἐν
1791 2642 1920 2703 ταύ-

312 2752 449 2805 τῃσι
501 2726 764 2808 ἀρχιρέας
814 2727 909 2787 καὶ
947 2728 1233 2805 βασιλέας
1285 2728 1574 2807 ἑκατέρους
1616 2730 1920 2795 τοσούτους

317 2814 665 2896 γενομένους.
747 2815 845 2875 καί
866 2840 957 2876 τοι
990 2814 1309 2893 τριηκόσιαι
1343 2818 1448 2893 μὲν
1482 2815 1696 2894 ἀνδρῶν
1733 2818 1921 2898 γενεαὶ

315 2902 569 2964 δυνέαται
592 2903 765 2982 μύρια
791 2903 933 2962 ἔτεα·
962 2904 1152 2986 γενεαὶ
1176 2902 1288 2985 γάρ
1312 2907 1462 2982 τρεῖς
1485 2902 1698 2982 ἀνδρῶν
1725 2905 1922 2966 ἑκατὸν

314 2990 441 3052 ἐτεά
465 2996 607 3053 ἐστι·
646 2994 780 3070 μιῆς
804 2990 865 3050 δὲ
890 2993 984 3051 καὶ
1012 2990 1430 3070 τεσσεράκοντα
1461 2992 1542 3051 ἔτι
1570 2995 1682 3052 τῶν
1707 2993 1920 3052 ἐπιλοί-

312 3104 435 3140 πων
475 3080 721 3163 γενεέων,
774 3078 835 3138 αἲ
890 3082 1109 3155 ἐπῆσαν
1170 3083 1306 3159 τῇσι
1362 3079 1740 3157 τριηκοσίῃσι,
1795 3080 1920 3139 ἔστι

309 3168 728 3247 τεσσεράκοντα
767 3166 861 3227 καὶ
895 3165 1192 3245 τριηκόσια
1229 3167 1324 3228 καὶ
1353 3167 1517 3247 χιΆια
1551 3167 1694 3227 ἔτεα.
1776 3164 1920 3226 οὕτω

313 3256 374 3311 ἐν
407 3256 664 3333 μυρίοισί
692 3280 757 3318 τε
792 3255 944 3315 ἔτεσι
978 3254 1073 3315 καὶ
1104 3255 1350 3334 χιλίοισι
1385 3254 1480 3313 καὶ
1519 3252 1661 3329 πρὸς
1696 3274 1916 3329 τριηκο-
