2267 3517
327 122 389 166 4-3
932 121 1301 170 ἨΡΟΔΟΤΟΤ
1856 120 1930 183 [I.

329 198 409 273 ἔτι
444 199 532 257 καὶ
571 204 626 263 ἐς
662 203 760 276 ἐμὲ
792 199 944 276 ἦσαν
979 200 1071 261 ἐπὶ
1103 204 1206 261 τοῦ
1239 199 1495 276 σήματος
1529 198 1657 260 ἅνω·
1690 200 1790 258 καί
1820 208 1935 276 σφι

325 284 632 365 γράμματα
672 288 1088 358 ἐνεκεκόλαπτο,
1129 287 1203 347 τοὶ
1261 288 1490 346 ἔκαστοι
1537 286 1931 366 ἐξεργάσαντο·

331 372 424 430 καὶ
456 373 713 448 ἐφαίνετο
753 375 1121 452 μετρεόμενον
1151 376 1219 435 τό
1258 379 1367 435 τῶν
1407 373 1741 435 παιδισκέων
1774 377 1939 454 ἔργον

329 458 422 517 ἐὸν
439 460 730 539 μέγιστον.
787 466 889 521 τοῦ
908 462 1019 543 γὰρ
1047 462 1336 543 δήΑυδῶν
1357 459 1536 537 δήμου
1562 464 1619 519 αἱ
1641 462 1938 541 θυγατέρες

329 547 690 621 πορνεύονται
721 551 906 608 πᾶσαι
939 551 1329 630 συλλέγουσαι
1361 552 1539 626 σφίσι
1567 547 1787 625 φερνοὶς,
1817 554 1872 612 ἐς
1903 548 1938 609 ὃ

330 629 398 692 ἂν
424 634 808 711 συνοικήσωσι
831 641 997 697 τοῦτο
1023 639 1336 697 ποιέουσαι·
1380 634 1663 696 ἐκδιδόασι
1690 636 1749 697 δὲ
1775 636 1937 697 αὐταὶ

330 721 548 784 ἑωυτάς.
609 721 648 798 ἤ
666 725 771 799 μὲν
797 723 864 801 δὴ
892 725 1149 801 περίοδος
1173 729 1275 784 τοῦ
1296 724 1550 800 σήματος
1578 724 1689 782 εἶσὶ
1714 724 1936 783 στάδιοι

331 808 394 876 ἓξ
418 810 510 867 καὶ
535 808 634 869 δύο
658 812 899 889 πλέθρα·
932 812 999 873 τό
1029 813 1088 871 δὲ
1116 812 1275 889 εὖρός
1302 817 1425 872 ἐστι
1450 811 1674 889 πλέθρα
1689 813 1931 889 τριακαί-

329 894 479 953 δεκα.
561 896 734 975 λίμνη
776 900 836 958 δὲ
876 901 1060 979 ἔχεται
1101 904 1204 960 τοῦ
1250 899 1506 977 σήματος
1548 898 1789 978 μεγάλη,
1829 898 1935 974 τήν

327 982 564 1063 λέγουσι
594 986 769 1044 Λυδοὶ
809 986 1030 1047 ἀείναον
1064 988 1222 1069 εἶναι·
1266 990 1525 1047 καλέεται
1566 987 1626 1045 δὲ
1658 986 1795 1063 αὕτη
1828 993 1933 1059 Γυ-

325 1071 479 1150 γαίη.
546 1076 714 1132 τοῦτο
739 1075 844 1149 μὲν
869 1074 938 1150 δή
965 1074 1189 1136 τοιοῦτό
1216 1080 1358 1135 ἐστι.

231 1158 308 1215 94
403 1159 581 1238 ᾼυδοὶ
609 1160 668 1219 δὲ
694 1161 922 1238 νόμοισι
940 1166 1043 1239 μὲν
1059 1162 1521 1240 παραπλησίοισι
1544 1162 1813 1240 χρέωνται
1840 1161 1934 1220 καὶ

314 1243 614 1322 Ἕλληνες·
680 1250 849 1327 χωρὶς
874 1248 912 1326 ἢ
939 1248 1028 1309 ὅτι
1058 1250 1132 1309 τοὶ
1160 1250 1340 1326 θήλεα
1365 1250 1531 1309 τέκνα
1567 1248 1933 1326 καταπορνεύ-

327 1358 476 1391 ουσι.
529 1339 742 1409 πρῶτοι
762 1336 822 1393 δὲ
841 1334 1159 1413 ἀνθρώπων,
1182 1342 1291 1397 τῶν
1310 1336 1469 1413 ἡμεῖς
1489 1336 1661 1412 ἴδμεν,
1679 1334 1934 1414 νόμισμα

326 1424 544 1495 χρυσοῦ
581 1421 674 1479 καὶ
713 1420 956 1503 ἀργύρου
995 1423 1303 1502 κοψάμενοι
1348 1422 1681 1502 ἐχρήσαντο·
1722 1428 1933 1499 πρῶτοι

327 1506 388 1564 δὲ
417 1508 509 1564 καὶ
536 1506 782 1584 κάπηλοι
811 1511 1084 1589 ἐγένοντο.
1168 1512 1319 1587 φασὶ
1346 1512 1406 1569 δὲ
1438 1509 1595 1570 αὐτοὶ
1620 1510 1809 1581 Λυδοὶ,
1839 1513 1932 1570 καὶ

325 1592 429 1655 τοῖς
452 1595 712 1675 παιγνίας
728 1595 830 1661 ταῖς
855 1601 952 1657 νῦν
969 1598 1147 1673 σφίσι
1163 1623 1227 1658 τε
1248 1598 1340 1657 καὶ
1354 1597 1609 1672 Ἕλλησι
1630 1597 1933 1657 κατεστεώ-

325 1704 434 1743 σας
477 1684 687 1742 ἑωυτῶν
729 1682 1004 1762 ἐξεύρημα
1043 1686 1327 1766 γενέσθαι·
1369 1683 1487 1762 ἅμα
1528 1685 1590 1743 δὲ
1627 1684 1831 1749 ταύτας
1869 1712 1933 1746 τε

325 1768 675 1845 ἐξευρεθῆναι
737 1771 891 1849 παραὶ
945 1772 1122 1849 σφίσι
1175 1774 1413 1853 λέγουσι
1467 1772 1559 1831 καὶ
1618 1773 1932 1851 Τυρσηνίην

325 1854 637 1915 ἀποικίσαι·
679 1855 784 1917 ὦδε
809 1860 940 1937 περὶ
965 1859 1147 1920 αὐτῶν
1172 1860 1451 1941 λέγοντες·
1494 1860 1585 1918 ἐπὶ
1601 1858 1806 1924 Ἀτυος
1829 1866 1932 1921 τοῦ

327 1943 534 2003 Μάνεω
557 1947 837 2021 βασιλέος
864 1947 1155 2024 σιτοδηΐην
1188 1946 1425 2026 ἰσχυρὴν
1452 1946 1557 2006 ἀντὶ.
1592 1946 1696 2023 τήν
1720 1948 1933 2024 Λυδίην

324 2032 520 2089 πᾶσαν
561 2034 844 2112 γενέσθαι·
887 2035 980 2093 καὶ
1010 2035 1141 2098 τοῦς
1171 2035 1387 2097 Λυδούς
1421 2035 1553 2097 τέως
1582 2037 1686 2110 μὲν
1722 2034 1933 2115 διάγειν

324 2119 714 2195 λιπαρέοντας·
739 2120 884 2199 μετὰ
905 2122 980 2191 δὲ,
1000 2122 1070 2185 ὥς
1090 2122 1157 2181 οὗ
1176 2121 1474 2190 παύεσθαι,
1491 2121 1629 2180 ἄκεα
1649 2122 1931 2197 δίζησθαι·

325 2203 508 2264 ἄλλον
554 2206 613 2265 δὲ
654 2207 803 2267 ἄλλο
846 2211 1303 2288 ἐπιμηχανᾶσθαι
1344 2207 1542 2270 αὐτῶν·
1585 2210 1933 2285 ἐξευρεθῆναι

332 2290 400 2363 δή
431 2290 503 2350 ὧν
528 2293 656 2351 τότε
685 2297 777 2353 καὶ
803 2299 913 2355 τῶν
955 2296 1143 2371 κύβων
1170 2297 1262 2355 καὶ
1296 2300 1406 2356 τῶν
1435 2296 1811 2378 ἀστραγάλων
1837 2300 1935 2357 καὶ

326 2381 428 2451 τῆς
464 2380 714 2456 σφαίρης
751 2382 845 2439 καὶ
879 2386 990 2441 τῶν
1025 2381 1244 2443 α’,λλέων
1274 2385 1499 2443 πασέων
1528 2384 1824 2464 παιγνιέων
1858 2386 1935 2445 ταῖ

331 2464 475 2521 εἴδεα
511 2466 663 2540 πλὴν
702 2472 953 2528 πεσσῶν·
996 2468 1205 2530 τούτων
1242 2471 1351 2551 γοῖρ
1396 2470 1469 2530 ὧν
1506 2470 1612 2547 τήν
1653 2470 1934 2547 ἐξεύρεσιν

329 2550 430 2608 οὐκ
458 2556 792 2627 οἰκηῖοΰνται
811 2556 1001 2614 Λυδοί·
1029 2558 1234 2618 ποιέειν
1254 2558 1313 2617 δὲ
1340 2556 1444 2617 ὧδε
1470 2557 1612 2636 πρός
1636 2558 1735 2618 τόν
1761 2560 1932 2635 λιμὸν

330 2638 666 2714 ἐξευρόντας·
735 2641 838 2717 τήν
889 2646 993 2720 μὲν
1047 2645 1244 2721 ἑτέρην,
1280 2649 1391 2705 τῶν
1428 2645 1676 2723 η’μερέων
1714 2648 1937 2718 παίζειν

329 2728 521 2784 πᾶσαν
569 2725 656 2785 ἵνα
703 2727 771 2803 δή
813 2728 895 2806 μὴ
951 2731 1192 2807 ζητέοιεν
1246 2733 1419 2792 σιτία·
1480 2732 1584 2808 τήν
1638 2733 1697 2792 δὲ
1739 2735 1935 2812 ἑτέρην

335 2812 624 2871 σιτέεσθαι
648 2818 991 2893 παυομένους
1008 2822 1118 2878 τῶν
1138 2819 1449 2899 παιγνιέων·
1489 2819 1719 2899 τοιούτῳ
1738 2821 1935 2902 τρόπῳ

330 2896 538 2977 διάγειν
575 2898 658 2957 ἐπ’
703 2900 826 2960 ἔτεα
852 2903 991 2963 δυῶν
1031 2904 1228 2964 δέοντα
1259 2906 1457 2965 εἴκοσι·
1499 2907 1622 2965 ἐπεί
1646 2933 1708 2967 τε
1741 2908 1801 2968 δὲ
1830 2908 1934 2969 οὔκ

330 2982 539 3045 α’νιέναι
575 2985 644 3047 τὰ
686 2988 856 3049 κακόν
894 2989 1026 3049 ἀλλ’
1067 2992 1159 3049 ἐπὶ
1204 2996 1431 3068 μᾶλλον
1471 2994 1552 3053 ἔτι
1603 2994 1932 3071 βιάζεσθαι,

331 3071 471 3131 οὕτω
512 3072 582 3149 δή
622 3074 721 3135 τὸν
759 3077 1013 3151 βασιλέα
1053 3076 1249 3149 αὐτῶν,
1292 3078 1389 3139 δύο
1427 3079 1628 3157 μοίρας
1669 3082 1935 3145 διελόντα

331 3160 527 3221 Λυδῶν
559 3161 796 3233 πάντων,
832 3168 1122 3241 κληρῶσαι
1160 3166 1265 3243 τήν
1290 3170 1393 3243 μὲν
1420 3168 1512 3228 ἐπὶ
1550 3174 1697 3249 μονῇ
1730 3170 1837 3248 τήν
1871 3172 1935 3233 δὲ

330 3248 423 3304 ἐπὶ
444 3249 612 3330 ἐξόδῳ
639 3255 700 3310 ἐκ
724 3254 826 3327 τῆς
849 3252 1049 3331 χώρης·
1091 3254 1185 3313 καὶ
1213 3256 1304 3315 ἐπὶ
1328 3257 1433 3333 μὲν
1455 3260 1529 3336 τῇ
1546 3258 1732 3335 μένειν
1758 3258 1935 3323 αὐτοῦ
