2267 3517
350 140 571 205 29—32]
1039 142 1308 193 OAAEIA.
1854 147 1952 194 215

347 217 419 294 ἦν
445 222 500 278 οἶ
532 217 673 297 ἀνήρ
710 220 980 297 Περσέων
1011 218 1369 291 πιστότατος,
1406 219 1811 282 ἀποκτενέοντά
1835 246 1953 298 μιν·

349 305 382 366 ὁ
423 306 484 366 δὲ
527 304 749 383 ἀναβάς
789 312 844 370 ἐς
884 308 1080 372 Σοῦσα
1119 307 1404 368 ἀπέκτεινε
1444 308 1701 387 Σμέρδιν,
1756 311 1810 367 οἳ
1848 311 1952 386 μὲν

349 395 586 475 λέγουσι
624 393 710 453 ἐπ’
751 394 929 477 ἄγρην
967 394 1328 478 ἐξαγαγόντα,
1368 399 1422 456 οἶ
1458 397 1532 467 δὲ,
1568 402 1623 461 ἐς
1652 394 1757 472 τήν
1791 395 1949 474 Ἐρυ-

349 481 488 559 θρῆν
515 481 822 544 θάλασσαν
847 483 1287 565 προσαγαγόντα
1314 488 1761 545 καταποντῶσαι.

427 573 666 646 Πρῶτον
715 573 820 648 μὲν
873 570 942 646 δὴ
984 573 1223 652 λέγουσι
1262 571 1559 652 Καμβύσῃ
1603 576 1715 632 τῶν
1767 575 1948 632 κακῶν
1965 575 2037 632 31

347 653 512 734 ἄρξαι
537 660 725 718 τοῦτο.
801 657 1028 736 δεύτερα
1053 659 1114 718 δὲ
1142 657 1487 741 ἐξεργάσατο
1512 658 1619 736 τήν
1644 658 1945 736 ἀδελφεὴν,

347 746 730 822 ἐπισπομένην
765 749 820 806 οἱ
860 751 917 810 ἐς
955 747 1257 828 Αἴγυπτον,
1298 749 1372 826 τῇ
1411 745 1505 806 καὶ
1545 748 1813 808 συνοίκεε·
1854 746 1947 806 καὶ

346 829 417 907 ἦν
442 835 496 892 οἶ
521 832 616 892 ἀπ’
644 832 977 910 ἀμφοτέρων
1013 833 1285 911 ἀδελφεή·
1326 836 1498 916 ἔγημε
1533 834 1594 894 δὲ
1620 833 1797 911 αύτῆν
1823 832 1945 894 ὦδε·

323 919 598 997 ,οὐδαμῶς
646 920 760 1002 γάρ
813 921 1059 982 ἐώθεσαν
1115 921 1390 1000 πρότερον
1438 925 1579 1002 τῇσι
1630 921 1945 1000 ἀδελφεῇσι

346 1008 648 1068 συνοικέειν
699 1010 946 1087 Πέρσαι·
1024 1007 1253 1088 η’ράσθη
1304 1014 1438 1086 μιῆς
1492 1013 1604 1070 τῶν
1656 1008 1945 1085 ἀδελφεῶν

345 1096 688 1174 Καμβύσης,
745 1097 838 1156 καὶ
889 1097 1081 1158 ἔπειτα
1136 1096 1489 1174 βουλόμενος
1540 1095 1715 1172 αὖτήν
1764 1102 1945 1177 γῆμαι

346 1181 458 1263 (ὅτι
497 1183 598 1245 ούκ
642 1183 853 1246 ἐωθότα
895 1184 1116 1247 ἐπενόεε
1154 1183 1435 1266 ποιήσειν)
1479 1183 1655 1262 εἴρετο
1698 1186 1945 1248 καλέσας

342 1269 473 1334 τούς
495 1273 837 1348 βασιληΐους
862 1271 1130 1337 δικαστὰς
1166 1273 1219 1333 εἴ
1242 1273 1328 1336 τίς
1367 1277 1491 1333 ἐστι
1527 1270 1750 1332 κωλύων
1775 1271 1945 1349 νόμος

342 1357 444 1419 τόν
465 1358 819 1437 βουλόμενον
839 1360 1092 1439 ἀδελφεῇ
1117 1359 1457 1430 συνοικέειν;
1492 1359 1625 1419 οἶδὲ
1642 1359 1944 1436 βασιλήῖοι

343 1446 606 1507 δικασταὶ
635 1449 946 1526 κεκριμένοι
975 1447 1168 1525 ἄνδρες
1197 1448 1449 1529 γίνονται
1481 1448 1765 1526 Περσέων,
1793 1453 1849 1510 ἐς
1876 1445 1941 1506 οὗ

343 1532 671 1596 ἀποθάνωσι
709 1534 748 1612 ἦ
786 1542 901 1613 σφι
935 1537 1251 1616 παρευρεθῇ
1284 1561 1342 1597 τι
1372 1534 1577 1606 ἄδικον,
1618 1537 1787 1615 μέχρι
1819 1534 1944 1596 τού-

341 1647 462 1683 του·
505 1621 661 1684 οὗτοι
703 1623 764 1684 δὲ
806 1628 960 1684 τοῖσι
1007 1624 1276 1703 Πέρσῃσι
1322 1623 1476 1688 δίκας
1520 1623 1807 1695 δικάζουσι
1849 1624 1943 1682 καὶ

345 1711 608 1793 ἐξηγηταὶ
640 1715 751 1773 τῶν
788 1713 1036 1791 πατρίων
1065 1712 1295 1790 θεσμῶν
1331 1711 1598 1794 γίνονται·
1639 1713 1731 1772 καὶ
1761 1710 1945 1772 πάντα

346 1803 402 1863 ἐς
424 1798 655 1864 τούτους·
677 1799 996 1860 ἀνακέαται·
1037 1801 1321 1878 εἰρομένου
1352 1798 1427 1860 ὦν
1458 1803 1561 1861 τοῦ
1595 1799 1943 1878 Καμβύσεω,

343 1885 704 1965 ύπεκρίνοντο
755 1886 904 1967 αύτῷ
957 1885 1114 1950 οὗτοι
1154 1887 1247 1947 καὶ
1298 1887 1485 1948 δίκαια
1524 1888 1618 1947 καὶ
1656 1887 1944 1964 ἀσφαλέα,

346 1974 593 2050 φάμενοι
627 1974 807 2052 νόμον
847 1974 1044 2037 οὐδένα
1083 1975 1421 2055 ἐξευρίσκειν
1457 1974 1520 2038 ὃς
1555 1974 1755 2034 κωλύει
1785 1974 1946 2034 ἀδελ-

348 2065 462 2139 φεῇ
491 2062 797 2122 συνοικέειν
822 2061 1120 2139 ἀδελφεόν·
1162 2062 1348 2125 ἄλλον
1380 2063 1573 2140 μέντοι
1604 2062 1946 2140 ἐξευρηκέναι

350 2146 538 2224 νόμον,
578 2151 656 2227 τῷ
690 2148 1063 2226 βασιλεύοντι
1098 2153 1371 2231 Περσέων
1410 2150 1611 2220 ἐξεῖναι
1648 2149 1855 2210 ποιέειν
1878 2148 1946 2209 τό

350 2231 418 2294 ἂν
441 2234 742 2313 βούληται.
795 2236 937 2298 οὕτω
963 2238 1090 2299 οὔτε
1112 2239 1216 2300 τόν
1234 2238 1409 2317 νόμον
1436 2241 1647 2299 ἔλυσαν
1666 2238 1947 2301 δείσαντες

351 2323 692 2400 Καμβύσεα,
725 2326 816 2387 ἵνα
853 2351 918 2388 τε
954 2327 1037 2405 μή
1079 2327 1237 2389 αὐτοὶ
1277 2327 1599 2388 ἀπόλωνται
1635 2326 1737 2388 τᾶν
1776 2325 1950 2404 νόμον

349 2412 816 2489 περιστέλλοντες
852 2416 1193 2494 παρεξεῦρον
1227 2413 1411 2476 ἄλλον
1444 2414 1618 2493 νόμον
1648 2414 1951 2494 σύμμαχον

348 2503 426 2578 τῷ
451 2499 674 2562 θέλοντι
696 2502 926 2583 γαμέειν
949 2501 1253 2581 ἀδελφεάς.
1335 2501 1465 2563 τότε
1494 2506 1599 2580 μὲν
1630 2502 1699 2579 δή
1725 2501 1760 2563 ὅ
1787 2507 1949 2580 Καμ-

348 2587 538 2664 βύσης
564 2588 735 2669 ἔγημε
758 2588 865 2666 τὴν
900 2591 1195 2668 ἐρωμένην·
1234 2589 1381 2669 μετὰ
1409 2592 1603 2668 μέντοι
1635 2589 1701 2650 ού
1726 2588 1951 2650 πολλόν

347 2674 556 2752 χρόνον
595 2677 732 2756 ἔσχε
777 2676 964 2755 ἄλλην
1008 2677 1313 2755 ἀδελφεήν·
1380 2679 1617 2739 τουτέων
1660 2678 1801 2755 δῆτα
1843 2676 1951 2754 τήν

350 2764 635 2841 νεωτέρην,
689 2765 1068 2843 ἐπισπομένην
1119 2768 1177 2825 οἶ
1238 2763 1323 2826 ἐπ’
1374 2765 1680 2848 Αἴγυπτον,
1737 2766 1950 2826 κτείνει.

348 2847 534 2928 Ἀμφὶ
560 2851 621 2910 δὲ
643 2855 720 2929 τῷ
746 2852 964 2932 θανάτῳ
1000 2851 1172 2928 αὐτῆς
1206 2852 1371 2926 διξός,
1397 2851 1589 2930 ὥσπερ
1619 2853 1749 2931 περὶ
1775 2853 1952 2930 Σμέρ-
1969 2852 2046 2911 32

350 2936 482 3008 διος,
522 2939 752 3019 λέγεται
779 2938 974 3022 λόγος.
1044 2939 1328 3016 Ἕλληνες
1360 2942 1465 3018 μὲν
1504 2942 1757 3022 λέγουσι,
1791 2945 1953 3016 Καμ-

349 3022 542 3100 βύσεα
576 3027 930 3104 συμβαλέειν
965 3025 1216 3105 σκύμνον
1249 3029 1478 3092 λέοντος
1509 3027 1753 3088 σκύλακι
1778 3025 1954 3096 κυνᾶς,

353 3112 605 3191 θεωρέειν
639 3114 704 3192 ,δὲ
744 3115 838 3174 καὶ
874 3113 981 3190 τὴν
1017 3119 1253 3196 γυναῖκα
1290 3114 1516 3191 ταύτην·
1558 3114 1857 3191 νικωμένου
1896 3112 1957 3171 δὲ

350 3205 455 3261 τοῦ
493 3202 794 3274 σκύλακος,
864 3200 1148 3279 ἀδελφεὸν
1210 3201 1381 3264 αὐτοῦ
1447 3201 1631 3261 ἄλλον
1696 3198 1958 3260 σκύλακα

351 3287 746 3371 ἀπορρήξαντα
783 3290 884 3353 τόν
923 3289 1137 3369 δεσμὸν
1174 3289 1591 3372 παραγενέσθαι
1629 3289 1702 3346 οἶ·
1756 3287 1857 3346 δύο
1896 3287 1957 3347 δὲ
