2267 3517
408 83 626 149 89—92]
1087 85 1357 136 eAAmA.
1910 87 2007 138 247

407 162 612 234 κόσιοι,
646 161 884 240 ἑκάστης
923 164 1132 242 ἦμέρης
1170 164 1245 227 εἷς
1279 163 1584 245 γινόμενος,
1622 163 1715 223 καὶ
1753 163 2007 224 τάλαντα

406 249 670 331 α’ργυρίου
700 251 1064 312 πεντακόσια·
1105 252 1316 313 τούτων
1339 251 1758 329 τεσσεράκοντα
1785 254 1888 328 μὲν
1914 253 2007 311 καὶ

407 337 604 399 ε’κατὸν
661 343 718 402 ἐς
765 339 870 416 τὴν
921 340 1312 416 φρουρέουσαν
1368 340 1540 399 ἵππον
1589 338 1692 414 τὴν
1745 341 2007 415 Κιλικίην

403 424 591 504 χώρην
629 425 1012 504 ἀναισιμοῦτο,
1053 427 1126 486 ταῖ
1170 427 1231 486 δὲ
1268 426 1564 502 τριηκόσια
1606 427 1698 484 καὶ
1740 425 2006 502 ἑξήκοντα

405 514 622 592 Δαρείῳ
669 515 888 589 ε’φοίτα·
952 514 1122 590 νομός
1172 514 1434 590 τέταρτος
1486 511 1665 576 οὗτος.
1745 512 1891 574 Ἀπὸ
1946 515 2006 574 δὲ
2022 516 2110 574 91.

405 593 748 670 Ποσειδηΐου
788 594 1003 665 πόλιος,
1045 594 1152 671 τὴν
1196 593 1555 674 Ἀμφίλοχος
1600 594 1633 653 ὅ
1678 592 2003 671 Ἀμφιάρεω

403 681 582 742 οἴκισε
610 681 694 741 ἐπ’
720 681 941 759 οὔροισι
966 685 1120 742 τοῖσι
1148 682 1399 742 Κιλίκων
1422 707 1485 742 τε
1518 682 1609 740 καὶ
1644 681 1849 758 Σύρων,
1875 681 2001 758 εἷρξ-

403 767 605 845 άμενον
647 768 760 830 ἅπὸ
803 769 1004 846 ταύτης
1048 770 1219 849 μέχρι
1265 769 1567 850 Αἰγύπτου,
1611 768 1765 844 πλήν
1803 770 2003 847 μοίρης

400 859 502 930 Τἣς
537 855 838 934 Ἀραβίων,
878 859 1076 938 (ταῦτα
1112 857 1225 938 γάρ
1264 855 1335 932 ἦν
1375 855 1620 936 α’τελέα,)
1658 857 2001 932 πεντήκοντα

402 943 494 1001 καὶ
533 943 832 1021 τριηκόσια
871 945 1124 1006 τάλαντα
1168 943 1344 1022 φόρος
1385 943 1474 1020 ἦν.
1556 944 1679 1003 ἔστι
1721 944 1782 1003 δὲ
1828 950 1887 1004 ἐν
1924 949 2003 1024 τῷ

399 1033 550 1110 νομῷ
572 1033 748 1110 τούτῳ
774 1033 1002 1109 Φοινίκη
1033 1058 1094 1093 τε
1127 1035 1292 1092 πᾶσα
1330 1032 1421 1090 καὶ
1458 1032 1630 1108 Συρίη
1662 1029 1700 1106 ἦ
1736 1035 1998 1092 Παλαισ-

397 1119 522 1193 τίνη
549 1121 875 1196 καλεομένη,
904 1121 995 1178 καὶ
1033 1119 1283 1197 Κύπρος·
1325 1118 1495 1196 νομός
1529 1119 1781 1195 πέμπτος
1816 1116 1995 1184 οὗτος.

400 1203 495 1262 ἀπ’
534 1205 820 1286 Αἰγύπτου
869 1207 944 1276 δὲ,
988 1208 1080 1266 καὶ
1119 1205 1351 1282 Λιβύων
1389 1209 1499 1266 τῶν
1536 1206 1860 1284 προσεχέων
1899 1210 1996 1266 Αἶ-

397 1291 608 1373 γύπτω,
653 1293 746 1352 καὶ
789 1293 1050 1370 Κυρήνης
1089 1320 1153 1356 τε
1196 1295 1288 1354 καὶ
1330 1293 1568 1372 Βάρκης,
1614 1294 1692 1372 (ἐς
1735 1294 1845 1375 γὰρ
1896 1294 1997 1355 τᾶν

397 1379 708 1471 Αἰγύπτιον
765 1407 940 1459 νομον
993 1378 1158 1442 αὗται
1218 1380 1656 1460 ἐκεκοσμέατο,)
1680 1381 1996 1442 ἑπτακόσια

395 1467 637 1545 προσήῖε
663 1468 932 1540 τάλαντα,
958 1468 1139 1546 πάρεξ
1164 1473 1264 1529 τοῦ
1292 1473 1351 1528 ἐκ
1386 1473 1487 1546 τῆς
1522 1470 1761 1546 Μοίριος
1791 1471 1993 1547 λίμνης

392 1556 687 1638 γινομένου
699 1556 980 1640 ἀργυρίου,
996 1557 1065 1617 τό
1087 1558 1297 1638 ἐγίνετο
1320 1563 1380 1616 ἐκ
1400 1561 1511 1618 τῶν
1532 1556 1752 1636 ἰχθύων.
1791 1556 1993 1618 τούτου

390 1670 455 1723 τε
488 1644 558 1721 δὴ
596 1646 766 1725 χωρὶς
805 1649 907 1706 τοῦ
946 1644 1213 1726 οἷργυρίου
1256 1645 1349 1712 καὶ
1384 1649 1486 1705 τοῦ
1528 1646 1992 1723 ἐπιμετρουμένου

391 1734 555 1794 σίτου
593 1734 834 1811 προσήῖε
882 1732 1195 1794 ἑπτακόσια
1238 1732 1508 1793 τάλαντα·
1560 1733 1702 1810 πρὸς
1741 1732 1853 1813 γοῖρ
1895 1733 1991 1793 δύο

391 1823 486 1880 καὶ
526 1821 659 1880 δέκα
699 1821 935 1899 μυριάσι
975 1822 1245 1898 Περσέων
1285 1844 1348 1881 τε
1388 1823 1541 1880 τοῖσι
1583 1825 1642 1880 ἐν
1680 1829 1757 1902 τῷ
1801 1828 1993 1904 Λευκῷ

388 1909 566 1987 τείχεϊ
598 1914 676 1988 τῷ
713 1914 771 1968 ἐν
801 1909 1012 1985 Μέμφι
1047 1909 1499 1984 κατοικημένοισι
1536 1907 1987 1984 καταμετρέουσι,

393 1995 486 2052 καὶ
525 1999 679 2056 τοῖσι
718 1995 924 2056 τούτων
968 1996 1331 2073 ἐπικούροισι·
1386 1993 1556 2071 νομός
1605 1995 1759 2057 ἔκτος
1806 1990 1985 2058 οὗτος.

395 2081 744 2163 Σατταγύδαι
783 2083 859 2153 δὲ,
897 2083 990 2142 καὶ
1028 2084 1341 2161 Γανδάριοι,
1384 2084 1476 2142 καὶ
1518 2082 1755 2143 Δαδίκαι
1792 2106 1855 2140 τε
1894 2083 1987 2140 καὶ

391 2167 716 2245 Ἀπαρύται,
759 2173 815 2233 ἐς
857 2168 1034 2232 τῶῧτό
1078 2172 1423 2251 τεταγμένοι,
1467 2168 1855 2246 ἑβδομήκοντα
1896 2169 1987 2228 καὶ

392 2257 588 2317 ἑκατόν
616 2258 866 2317 τάλαντα
901 2259 1280 2335 προσέφερον·
1322 2258 1492 2335 νομὰς
1528 2255 1689 2320 οὗτος
1725 2256 1986 2333 ἕβδομος.

390 2343 504 2404 άπό
551 2344 783 2409 Σούσων
835 2346 910 2419 δὲ,
961 2346 1054 2404 καὶ
1097 2350 1201 2422 τῆς
1245 2344 1428 2422 ἄλλης
1481 2345 1741 2406 Κισσίων
1786 2344 1985 2424 χώρης,

386 2431 704 2510 τριηκόσια·
750 2432 920 2510 νομός
959 2431 1156 2513 ὄγδοος
1196 2459 1377 2498 ουτος.
1456 2432 1603 2494 ’An-<3
1644 2434 1987 2509 Βαβυλῶνος
2004 2432 2081 2492 92

389 2520 466 2590 δὲ,
495 2520 588 2580 καὶ
617 2524 717 2597 τῆς
744 2524 952 2598 λοιπῆς
981 2520 1307 2598 Ἀσσυρίης,
1334 2521 1498 2601 χίλιά
1532 2525 1586 2582 οἱ
1617 2521 1858 2598 προσ-η’ἳε
1891 2519 1986 2580 τά·

386 2611 569 2668 λαντα
614 2607 896 2690 ἀργυρίου,
941 2611 1035 2668 καὶ
1075 2609 1271 2672 παῖδες
1316 2609 1566 2686 ἐκτομίαι
1609 2607 1985 2669 πεντακόσιοι·

386 2721 560 2773 νομος
600 2696 810 2760 εἴνατος
851 2693 1032 2762 οὗτος.
1099 2696 1214 2757 ἅπο
1255 2696 1315 2755 δὲ
1348 2695 1716 2777 Ἀγβατάνων
1756 2696 1849 2756 καὶ
1886 2693 1988 2771 τῆς

386 2786 592 2860 λοιπῆς
633 2783 908 2860 Μηδικῆς,
955 2785 1048 2844 καὶ
1094 2785 1465 2861 Παρικανίων,
1511 2784 1607 2844 καὶ
1651 2783 1985 2861 Ὀρθοκορυ-

384 2871 648 2946 βαντίων,
695 2865 1040 2946 πεντήκοντά
1082 2896 1147 2931 τε
1192 2872 1287 2930 καὶ
1335 2871 1672 2949 τετρακόσια
1714 2870 1983 2931 τάλαντα·

385 2958 557 3035 νομός
602 2959 830 3022 δέκατος
876 2957 1055 3021 οὗτος.
1138 2958 1396 3019 Κάσπιοι
1442 2960 1503 3019 δὲ
1544 2959 1637 3018 καὶ
1679 2957 1985 3026 Παυσίκαι,

387 3047 748 3124 Παντίμαθοί
765 3071 828 3106 τε
863 3046 956 3106 καὶ
983 3049 1265 3124 Δαρεῖται,
1296 3051 1351 3110 ἐς
1379 3045 1557 3106 τῶυτό
1580 3043 1985 3121 συμφέροντες,

385 3133 644 3211 διηκόσια
667 3133 920 3196 τάλαντα
947 3133 1264 3215 ἀπαγίνεον·
1306 3132 1475 3210 νομός
1502 3131 1784 3192 ἑνδέκατος
1810 3129 1982 3193 οὗτος.

379 3219 499 3294 ,οἷπὸ
545 3226 902 3302 Βακτριανῶν
949 3221 1010 3280 δὲ
1059 3221 1229 3298 μέχρι
1284 3223 1523 3294 Αἰγλῶν,
1572 3217 1837 3290 ἑξήκοντα
1896 3217 1988 3274 καὶ

2032 3346 2253 3458 :A
