2267 3517
320 119 387 165 94
936 119 1309 169 111²voon
1851 117 1924 184 [1.

316 194 537 267 πόλιος,
563 197 889 277 συνέβαλόν
911 223 975 259 τε
1001 201 1055 258 οἶ
1081 196 1444 273 Βαβυλώνιοι
1468 198 1564 258 καὶ
1589 197 1928 264 ἑσσωθέντες

316 287 391 362 τῇ
414 282 573 363 μάχῃ
600 284 1068 362 κατειλήθησαν’
1042 312 1096 348 ες
1120 284 1188 345 τὸ
1155 282 1381 345 οᾶστυ·
1425 286 1516 345 οἷα
1553 285 1613 344 δὲ
1639 284 1926 355 ἐξεπιστά-

315 395 475 448 μενοι
501 373 581 432 ἔτι
605 371 879 451 πρότερον
907 372 1009 433 τὸν
1040 377 1232 449 Κῦρον
1260 372 1359 432 οὔκ
1386 372 1766 450 ἀτρεμίζοντα,
1793 372 1926 433 ἀλλ’

316 457 565 535 ὁρέοντες
590 458 759 520 αὔτόν
784 460 952 520 παντὶ
978 460 1121 521 ἔθνεϊ
1146 459 1350 538 ὁμοίως
1376 460 1768 539 ἐπιχειρέοντα,
1789 487 1924 537 προ-

318 545 591 616 εσάξαντο
617 548 773 608 σιτία
797 548 961 608 ἐτέων
987 546 1166 625 κάρτα
1189 551 1440 615 πολλῶν.
1509 548 1748 607 ἐνθαῦτα
1770 547 1924 610 οὗτοι
1959 556 1966 561 ’

313 634 421 711 μὲν
457 634 636 716 λόγον
673 635 827 714 εἶχον
855 639 960 711 τῆς
993 636 1323 713 πολιορκίης
1363 634 1575 695 ουδένα·
1645 640 1833 715 Κῦρος
1862 638 1923 698 δὲ

314 720 585 801 ἀπορίῃσι
624 724 882 803 ἐνείχετο,
916 722 1015 784 ἅτε
1052 722 1261 802 χρόνου
1292 748 1356 783 τε
1392 724 1746 805 ἐγγινομένου
1781 748 1920 804 συχ-

310 813 413 871 νοῦ
444 808 693 887 ἀνωτέρω
722 836 786 872 τε
822 811 979 871 οὐδὲν
1008 834 1118 872 των
1152 810 1496 892 πρηγμάτων
1537 815 1918 889 προκοπτομέ-

226 897 332 957 191
355 923 479 959 νων.
557 898 691 959 Εἴτε
730 898 799 974 δή
843 898 917 959 ὧν
956 898 1137 962 ἄλλος
1177 901 1232 959 οἶ
1269 898 1564 976 ἀπορέοντι
1600 898 1920 975 ὕπεθήκατο

312 985 424 1046 εἴτε
462 986 556 1046 καὶ
595 983 761 1052 αὐτὸς
801 988 973 1066 ἔμαθε
1011 986 1079 1048 τὸ
1119 987 1381 1063 ποιητέον
1414 990 1469 1047 οἱ
1497 985 1586 1063 ἦν,
1627 989 1808 1048 ἐποίεε
1846 988 1917 1066 δή

311 1073 541 1135 τοιόνδε·
579 1074 751 1145 τάξας
772 1076 878 1153 τὴν
903 1075 1176 1155 στρατιὴν
1194 1074 1424 1136 ἅπασαν
1450 1076 1514 1145 ἐξ
1536 1076 1792 1153 ἐμβολῆς
1813 1082 1917 1138 τοῦ

310 1166 567 1242 ποταμοῦ
591 1167 664 1243 τῇ
692 1169 747 1227 ἐς
770 1164 875 1242 τὴν
893 1164 1064 1226 πόλιν
1091 1163 1392 1241 ἐσβάλλει,
1415 1163 1509 1223 καὶ
1534 1161 1738 1223 ὄπισθε
1763 1162 1916 1229 αὖτις

309 1254 411 1331 τῆς
448 1251 650 1316 πόλιος
686 1252 858 1323 τάξας
898 1254 1114 1332 ἐτέρους
1151 1256 1224 1332 τῇ
1257 1251 1387 1321 ἐξίει
1420 1255 1482 1311 ἐκ
1517 1255 1620 1326 τῆς
1648 1250 1848 1316 πόλιος
1879 1251 1913 1313 ὁ

310 1339 577 1417 ποταμὸς,
602 1344 835 1419 προεῖπε
868 1345 947 1419 τῷ
980 1343 1220 1418 στρατῷ,
1255 1338 1389 1399 ὅταν
1423 1336 1697 1415 διαβατόν
1726 1338 1792 1399 τὸ
1825 1341 1913 1418 ῥέ-

312 1427 475 1503 εθρον
499 1426 720 1489 ἴδωνται
742 1427 1055 1509 γενόμενον,
1083 1428 1292 1487 ἐσιέναι
1316 1423 1490 1505 ταύτῃ
1515 1430 1572 1491 ε’ς
1594 1426 1698 1503 τήν
1722 1426 1911 1493 πόλιν.

311 1513 453 1575 οὕτω
481 1540 545 1576 τε
576 1516 645 1592 δὴ
677 1516 849 1587 τάξας
882 1516 976 1577 καὶ
1011 1514 1156 1575 κατσὶ
1187 1519 1364 1576 ταῦτα
1387 1516 1744 1594 παραινέσας,
1770 1515 1913 1594 ἀπή-

309 1606 481 1664 λαυνε
506 1603 675 1667 αὐτὸς
699 1604 807 1665 σῦν
831 1608 910 1683 τῷ
933 1602 1146 1683 οἷχρηΐῳ
1163 1607 1264 1664 τοῦ
1285 1608 1550 1681 στρατοῦ·
1582 1602 1913 1682 ἀπικόμενος

314 1690 376 1751 δὲ
406 1692 499 1751 ἐπὶ
528 1692 633 1768 τήν
666 1692 887 1769 λίμνην,
912 1689 986 1751 τά
1010 1716 1117 1769 περ
1142 1689 1181 1768 ἦ
1206 1695 1317 1752 τῶν
1340 1692 1717 1768 Βαβυλωνίων
1738 1694 1912 1769 βασί-

308 1782 438 1839 λεια
478 1781 711 1857 ἐποίησε
756 1778 897 1839 κατά
937 1804 1000 1840 τε
1045 1778 1148 1840 τᾶν
1186 1778 1441 1857 ποταμόν
1487 1778 1583 1839 καὶ
1627 1780 1769 1841 κατοὶ
1808 1781 1912 1859 τήν
1991 1820 2000 1829 ·

308 1867 528 1945 λίμνην,
571 1869 751 1929 ἐποίεε
784 1867 879 1927 καὶ
908 1866 941 1927 ὁ
968 1870 1157 1946 Κῦρος
1190 1867 1350 1945 ἕτερα
1383 1870 1633 1929 τοιαῦτα·
1671 1867 1770 1930 τόν
1797 1869 1911 1951 γάρ

308 1956 563 2035 ποταμόν
606 1955 831 2036 διώρυχι
876 1955 1172 2037 ἐσαγαγών
1218 1960 1274 2020 ἐς
1315 1955 1419 2033 τήν
1460 1956 1666 2033 λίμνην
1706 1960 1911 2018 ἐοῦσαν

311 2044 455 2117 ἕλος,
508 2044 576 2105 τὸ
626 2043 863 2124 ἀρχαῖον
900 2044 1130 2124 ῥέεθρον
1172 2043 1445 2121 διαβατὸν
1486 2043 1628 2105 εἶναι
1677 2045 1911 2121 ἐποίησε

306 2130 799 2210 ὖπονοστήσαντος
834 2136 937 2193 τοῦ
976 2137 1253 2210 ποταμοῦ·
1292 2132 1593 2213 γενομένου
1628 2131 1689 2192 δὲ
1712 2132 1911 2194 τούτου

306 2221 576 2292 τοιούτου,
604 2225 659 2281 οἱ
682 2222 909 2299 Πέρσαι
944 2221 1103 2298 οἷπερ
1129 2220 1429 2299 ἐτετάχατο
1455 2218 1539 2280 ἐπ’
1566 2217 1712 2298 αὐτῷ
1733 2219 1910 2303 τούτῳ

309 2307 449 2368 κατοῖ
485 2310 553 2371 vd
592 2310 819 2386 ῥέεθρον
856 2312 959 2370 τοῦ
998 2308 1308 2388 Εὐφρήτεω
1339 2311 1614 2385 ποταμοῦ,
1651 2332 1909 2369 υπονενο·

307 2395 581 2470 στηκότος
604 2394 828 2473 άνδρὶ”
788 2422 859 2459 ως
884 2400 941 2459 ἐς
962 2396 1144 2472 μέσον
1166 2395 1347 2473 μηρόν
1371 2394 1628 2472 μάλιστά
1653 2421 1740 2473 κη,
1768 2421 1910 2458 κατα

306 2485 474 2543 τοῦτο
501 2481 745 2561 ἐσῄεσαν
772 2488 827 2546 ἐς
849 2482 954 2558 τήν
972 2484 1312 2559 Βαβυλῶνα.
1350 2486 1399 2541 εἰ
1420 2482 1525 2559 μέν
1548 2508 1645 2543 νυν
1668 2482 1908 2562 προεπύ·

308 2570 474 2631 θοντο
519 2569 558 2647 ἢ
606 2571 811 2647 ἔμαθον
858 2574 913 2631 οἱ
953 2569 1313 2648 Βαβυλωνιοι
1355 2570 1423 2630 τὸ
1471 2575 1533 2630 ἐκ
1575 2576 1676 2631 τοῦ
1718 2571 1910 2651 Κύρου

306 2658 649 2737 ποιεύμενον,
690 2657 803 2719 οὐδ’
842 2656 911 2720 ἂν
950 2658 1286 2737 περιϊδόντες
1322 2657 1452 2722 τοῦς
1476 2658 1709 2737 Πέρσας
1748 2665 1908 2721 ἐσελ-

308 2746 425 2807 θεῖν
470 2750 527 2811 ἐς
565 2747 671 2823 τὴν
714 2746 885 2808 πόλιν
930 2746 1251 2825 διέφθειραν
1297 2746 1556 2807 κάκιστα·
1613 2750 1908 2826 κατακληί-

308 2859 507 2900 σαντες
538 2835 651 2917 γοὶρ
686 2832 755 2895 ἂν
792 2834 983 2897 πάσας
1021 2834 1121 2897 τοὶς
1161 2839 1218 2898 ἐς
1254 2834 1356 2896 τᾶν
1392 2834 1648 2911 ποταμόν
1671 2836 1909 2901 πυλίδας

308 2922 563 3002 ἐχούσας,
592 2924 685 2982 καὶ
715 2921 873 2983 αὐτοὶ
909 2921 1003 2983 ἐπὶ
1031 2921 1133 2987 τοὶς
1165 2922 1433 3001 αἱμασιὰς
1464 2921 1774 2999 ἀναβάντες
1807 2924 1908 2989 τὰς

306 3010 461 3089 παραὶ
498 3010 571 3071 τὰ
606 3012 805 3091 χείλεα
841 3012 944 3071 τοῦ
983 3015 1244 3087 ποταμοῦ
1286 3010 1650 3087 ἐληλαμένας,
1693 3011 1909 3086 ἂαβον

306 3095 376 3159 ἅν
399 3104 583 3175 σφεας
606 3098 677 3163 ὥς
703 3104 761 3159 ἐν
786 3097 973 3176 κύρτῃ·
1014 3103 1113 3159 νῦν
1146 3098 1206 3157 δὲ
1242 3098 1305 3168 ἐξ
1333 3095 1758 3175 ἀπροσδοκήτου
1793 3101 1907 3172 σφι

304 3189 671 3265 παρέστησαν
690 3190 744 3247 οἱ
764 3187 1009 3264 Πέρσαι.
1052 3183 1167 3245 §aa
1193 3186 1253 3245 δὲ
1276 3186 1548 3265 μεγάθεος
1564 3188 1666 3260 τῆς
1689 3182 1905 3251 πόλιος,

306 3270 381 3336 (εἷς
408 3276 636 3356 λέγεται
662 3273 773 3336 find
807 3278 919 3336 τῶν
953 3272 1129 3352 ταύτῃ
1166 3274 1486 3350 οἰκημένων,
1519 3274 1629 3331 τῶν
1667 3268 1796 3345 περὶ
1831 3266 1906 3329 τὰ
