<?xml version="1.0" encoding="UTF-8"?>
<!DOCTYPE html PUBLIC "-//W3C//DTD XHTML 1.0 Transitional//EN"
    "http://www.w3.org/TR/xhtml1/DTD/xhtml1-transitional.dtd">
<html xmlns="http://www.w3.org/1999/xhtml" xml:lang="en" lang="en">
 <head>
  <title>
</title>
<meta http-equiv="Content-Type" content="text/html;charset=utf-8" />
  <meta name='ocr-system' content='tesseract 3.04.00' />
  <meta name='ocr-capabilities' content='ocr_page ocr_carea ocr_par ocr_line ocrx_word'/>
</head>
<body>
  <div class='ocr_page' id='page_1' title='image "./herodotus05blakgoog_0045.png"; bbox 0 0 2267 3517; ppageno 0'>
   <div class='ocr_carea' id='block_1_1' title="bbox 323 154 2031 3384">
    <p class='ocr_par' dir='ltr' id='par_1_1' title="bbox 323 154 2031 3384">
     <span class='ocr_line' id='line_1_1' title="bbox 337 154 1944 221; baseline -0.003 -11"><span class='ocrx_word' id='word_1_1' title='bbox 337 155 560 221; x_wconf 61' lang='grc' dir='ltr'>ἰε-74]</span> <span class='ocrx_word' id='word_1_2' title='bbox 1029 154 1256 206; x_wconf 72' lang='lat' dir='ltr'><strong>mmo.</strong></span> <span class='ocrx_word' id='word_1_3' title='bbox 1880 158 1944 207; x_wconf 73' lang='lat'>³³</span> 
     </span>
     <span class='ocr_line' id='line_1_2' title="bbox 340 235 1945 318; baseline 0.001 -22"><span class='ocrx_word' id='word_1_4' title='bbox 340 237 506 298; x_wconf 79' lang='grc' dir='ltr'>ἐόντα</span> <span class='ocrx_word' id='word_1_5' title='bbox 556 238 812 315; x_wconf 86' lang='grc' dir='ltr'>Κροίσου</span> <span class='ocrx_word' id='word_1_6' title='bbox 857 238 960 313; x_wconf 77' lang='grc' dir='ltr'>μὲν</span> <span class='ocrx_word' id='word_1_7' title='bbox 1003 235 1270 318; x_wconf 74' lang='grc' dir='ltr'>γαμβρὸν</span> <span class='ocrx_word' id='word_1_8' title='bbox 1314 235 1525 313; x_wconf 83' lang='grc' dir='ltr'><em>Μήδων</em></span> <span class='ocrx_word' id='word_1_9' title='bbox 1570 237 1631 297; x_wconf 74' lang='grc' dir='ltr'>δὲ</span> <span class='ocrx_word' id='word_1_10' title='bbox 1674 238 1945 313; x_wconf 81' lang='grc' dir='ltr'>βασιλέα,</span> 
     </span>
     <span class='ocr_line' id='line_1_3' title="bbox 341 324 1941 408; baseline 0.001 -24"><span class='ocrx_word' id='word_1_11' title='bbox 341 328 532 403; x_wconf 80' lang='grc' dir='ltr'>Κῦρος</span> <span class='ocrx_word' id='word_1_12' title='bbox 561 324 596 385; x_wconf 81' lang='grc' dir='ltr'>ό</span> <span class='ocrx_word' id='word_1_13' title='bbox 628 324 962 402; x_wconf 83' lang='grc' dir='ltr'>Καμβύσεω</span> <span class='ocrx_word' id='word_1_14' title='bbox 994 324 1519 403; x_wconf 82' lang='grc' dir='ltr'>καταστρεψάμενος</span> <span class='ocrx_word' id='word_1_15' title='bbox 1551 325 1683 404; x_wconf 81' lang='grc' dir='ltr'>εἶχε,</span> <span class='ocrx_word' id='word_1_16' title='bbox 1716 324 1941 408; x_wconf 88' lang='grc' dir='ltr'>γενόμε-</span> 
     </span>
     <span class='ocr_line' id='line_1_4' title="bbox 341 410 1945 494; baseline 0.001 -21"><span class='ocrx_word' id='word_1_17' title='bbox 341 439 441 473; x_wconf 89' lang='grc' dir='ltr'>νον</span> <span class='ocrx_word' id='word_1_18' title='bbox 476 413 744 494; x_wconf 78' lang='grc' dir='ltr'>γαμβρὸν</span> <span class='ocrx_word' id='word_1_19' title='bbox 775 414 1008 492; x_wconf 77' lang='grc' dir='ltr'>Κροίσῳ</span> <span class='ocrx_word' id='word_1_20' title='bbox 1049 410 1171 472; x_wconf 78' lang='grc' dir='ltr'>ὦδε.</span> <span class='ocrx_word' id='word_1_21' title='bbox 1255 413 1509 477; x_wconf 82' lang='grc' dir='ltr'>Σκυθέων</span> <span class='ocrx_word' id='word_1_22' title='bbox 1545 417 1656 472; x_wconf 78' lang='grc' dir='ltr'>τῶν</span> <span class='ocrx_word' id='word_1_23' title='bbox 1694 414 1945 490; x_wconf 77' lang='grc' dir='ltr'>νομάδων</span> 
     </span>
     <span class='ocr_line' id='line_1_5' title="bbox 341 499 1943 579; baseline 0.001 -20"><span class='ocrx_word' id='word_1_24' title='bbox 341 501 468 576; x_wconf 81' lang='grc' dir='ltr'>εἴλη</span> <span class='ocrx_word' id='word_1_25' title='bbox 493 500 704 578; x_wconf 72' lang='grc' dir='ltr'>ἀνδρῶν</span> <span class='ocrx_word' id='word_1_26' title='bbox 736 499 1125 569; x_wconf 79' lang='grc' dir='ltr'>στασιάσασα,</span> <span class='ocrx_word' id='word_1_27' title='bbox 1152 499 1437 575; x_wconf 75' lang='grc' dir='ltr'>ὖπεξῆλθε</span> <span class='ocrx_word' id='word_1_28' title='bbox 1468 504 1525 564; x_wconf 90' lang='grc' dir='ltr'>ἐς</span> <span class='ocrx_word' id='word_1_29' title='bbox 1554 504 1665 579; x_wconf 85' lang='grc' dir='ltr'>γῆν</span> <span class='ocrx_word' id='word_1_30' title='bbox 1688 500 1792 577; x_wconf 80' lang='grc' dir='ltr'>τὴν</span> <span class='ocrx_word' id='word_1_31' title='bbox 1818 507 1943 579; x_wconf 86' lang='grc' dir='ltr'>Μη-</span> 
     </span>
     <span class='ocr_line' id='line_1_6' title="bbox 341 586 1943 666; baseline 0.002 -20"><span class='ocrx_word' id='word_1_32' title='bbox 341 587 516 664; x_wconf 85' lang='grc' dir='ltr'>δικήν·</span> <span class='ocrx_word' id='word_1_33' title='bbox 579 587 896 665; x_wconf 78' lang='grc' dir='ltr'>ἐτυράννευε</span> <span class='ocrx_word' id='word_1_34' title='bbox 949 587 1010 647; x_wconf 77' lang='grc' dir='ltr'>δὲ</span> <span class='ocrx_word' id='word_1_35' title='bbox 1061 587 1165 648; x_wconf 73' lang='grc' dir='ltr'>τὸν</span> <span class='ocrx_word' id='word_1_36' title='bbox 1218 587 1424 666; x_wconf 86' lang='grc' dir='ltr'>χρόνον</span> <span class='ocrx_word' id='word_1_37' title='bbox 1478 586 1677 649; x_wconf 72' lang='grc' dir='ltr'>τοῦτον</span> <span class='ocrx_word' id='word_1_38' title='bbox 1733 589 1943 665; x_wconf 84' lang='grc' dir='ltr'>Μήδων</span> 
     </span>
     <span class='ocr_line' id='line_1_7' title="bbox 342 674 1939 753; baseline 0.002 -19"><span class='ocrx_word' id='word_1_39' title='bbox 342 676 640 753; x_wconf 77' lang='grc' dir='ltr'>Κυαξάρης</span> <span class='ocrx_word' id='word_1_40' title='bbox 665 676 698 736; x_wconf 81' lang='grc' dir='ltr'>ὁ</span> <span class='ocrx_word' id='word_1_41' title='bbox 723 674 1018 753; x_wconf 86' lang='grc' dir='ltr'>Φραόρτεω</span> <span class='ocrx_word' id='word_1_42' title='bbox 1039 678 1141 735; x_wconf 82' lang='grc' dir='ltr'>τοῦ</span> <span class='ocrx_word' id='word_1_43' title='bbox 1171 674 1438 752; x_wconf 86' lang='grc' dir='ltr'>Δηϊόκεω·</span> <span class='ocrx_word' id='word_1_44' title='bbox 1481 674 1543 740; x_wconf 77' lang='grc' dir='ltr'>ὃς</span> <span class='ocrx_word' id='word_1_45' title='bbox 1564 675 1693 739; x_wconf 71' lang='grc' dir='ltr'>τούς</span> <span class='ocrx_word' id='word_1_46' title='bbox 1720 676 1939 741; x_wconf 80' lang='grc' dir='ltr'>Σκύθας</span> 
     </span>
     <span class='ocr_line' id='line_1_8' title="bbox 323 761 1941 841; baseline 0.001 -19"><span class='ocrx_word' id='word_1_47' title='bbox 323 762 567 827; x_wconf 78' lang='grc' dir='ltr'>-τούτους</span> <span class='ocrx_word' id='word_1_48' title='bbox 589 763 656 825; x_wconf 76' lang='grc' dir='ltr'>τὸ</span> <span class='ocrx_word' id='word_1_49' title='bbox 681 765 786 841; x_wconf 72' lang='grc' dir='ltr'>μὲν</span> <span class='ocrx_word' id='word_1_50' title='bbox 809 766 1032 841; x_wconf 79' lang='grc' dir='ltr'>πρῶτον</span> <span class='ocrx_word' id='word_1_51' title='bbox 1053 765 1305 839; x_wconf 82' lang='grc' dir='ltr'>περιεῖπε</span> <span class='ocrx_word' id='word_1_52' title='bbox 1332 761 1407 832; x_wconf 73' lang='grc' dir='ltr'>εὖ,</span> <span class='ocrx_word' id='word_1_53' title='bbox 1430 762 1505 826; x_wconf 75' lang='grc' dir='ltr'>ὥς</span> <span class='ocrx_word' id='word_1_54' title='bbox 1528 762 1718 827; x_wconf 79' lang='grc' dir='ltr'>ἐόντας</span> <span class='ocrx_word' id='word_1_55' title='bbox 1744 764 1941 830; x_wconf 78' lang='grc' dir='ltr'>ἱκέτας·</span> 
     </span>
     <span class='ocr_line' id='line_1_9' title="bbox 342 848 1943 930; baseline 0.002 -21"><span class='ocrx_word' id='word_1_56' title='bbox 342 848 488 910; x_wconf 78' lang='grc' dir='ltr'>ὥστε</span> <span class='ocrx_word' id='word_1_57' title='bbox 513 851 575 911; x_wconf 80' lang='grc' dir='ltr'>δὲ</span> <span class='ocrx_word' id='word_1_58' title='bbox 598 851 727 928; x_wconf 83' lang='grc' dir='ltr'>περὶ</span> <span class='ocrx_word' id='word_1_59' title='bbox 753 852 978 910; x_wconf 81' lang='grc' dir='ltr'>πολλοῦ</span> <span class='ocrx_word' id='word_1_60' title='bbox 1001 849 1327 926; x_wconf 81' lang='grc' dir='ltr'>ποιεόμενος</span> <span class='ocrx_word' id='word_1_61' title='bbox 1361 849 1576 921; x_wconf 75' lang='grc' dir='ltr'>αὐτοῦς,</span> <span class='ocrx_word' id='word_1_62' title='bbox 1602 849 1803 915; x_wconf 85' lang='grc' dir='ltr'>παῖδάς</span> <span class='ocrx_word' id='word_1_63' title='bbox 1830 859 1943 930; x_wconf 82' lang='grc' dir='ltr'>σφι</span> 
     </span>
     <span class='ocr_line' id='line_1_10' title="bbox 339 936 1943 1019; baseline 0.001 -22"><span class='ocrx_word' id='word_1_64' title='bbox 339 939 620 1015; x_wconf 86' lang='grc' dir='ltr'>παρέδωκε</span> <span class='ocrx_word' id='word_1_65' title='bbox 641 937 748 1016; x_wconf 78' lang='grc' dir='ltr'>τὴν</span> <span class='ocrx_word' id='word_1_66' title='bbox 770 936 1052 1018; x_wconf 73' lang='grc' dir='ltr'>γλῶσσάν</span> <span class='ocrx_word' id='word_1_67' title='bbox 1080 962 1147 997; x_wconf 85' lang='grc' dir='ltr'>τε</span> <span class='ocrx_word' id='word_1_68' title='bbox 1176 938 1463 1013; x_wconf 86' lang='grc' dir='ltr'>ἐκμαθέειν</span> <span class='ocrx_word' id='word_1_69' title='bbox 1488 940 1581 998; x_wconf 84' lang='grc' dir='ltr'>καὶ</span> <span class='ocrx_word' id='word_1_70' title='bbox 1609 937 1713 1015; x_wconf 76' lang='grc' dir='ltr'>τῆν</span> <span class='ocrx_word' id='word_1_71' title='bbox 1740 940 1943 1019; x_wconf 85' lang='grc' dir='ltr'>τέχνην</span> 
     </span>
     <span class='ocr_line' id='line_1_11' title="bbox 339 1023 1941 1105; baseline 0.002 -21"><span class='ocrx_word' id='word_1_72' title='bbox 339 1029 449 1086; x_wconf 77' lang='grc' dir='ltr'>τῶν</span> <span class='ocrx_word' id='word_1_73' title='bbox 469 1025 660 1097; x_wconf 80' lang='grc' dir='ltr'>τόξων·</span> <span class='ocrx_word' id='word_1_74' title='bbox 704 1023 910 1105; x_wconf 85' lang='grc' dir='ltr'>χρόνου</span> <span class='ocrx_word' id='word_1_75' title='bbox 930 1024 990 1083; x_wconf 78' lang='grc' dir='ltr'>δὲ</span> <span class='ocrx_word' id='word_1_76' title='bbox 1014 1024 1333 1104; x_wconf 77' lang='grc' dir='ltr'>γενομένου,</span> <span class='ocrx_word' id='word_1_77' title='bbox 1356 1026 1449 1083; x_wconf 88' lang='grc' dir='ltr'>καὶ</span> <span class='ocrx_word' id='word_1_78' title='bbox 1473 1027 1580 1086; x_wconf 77' lang='grc' dir='ltr'>αἰεὶ</span> <span class='ocrx_word' id='word_1_79' title='bbox 1606 1027 1941 1101; x_wconf 85' lang='grc' dir='ltr'>φοιτεόντων</span> 
     </span>
     <span class='ocr_line' id='line_1_12' title="bbox 337 1111 1945 1193; baseline 0.001 -20"><span class='ocrx_word' id='word_1_80' title='bbox 337 1116 450 1175; x_wconf 76' lang='grc' dir='ltr'>τῶν</span> <span class='ocrx_word' id='word_1_81' title='bbox 488 1114 743 1179; x_wconf 80' lang='grc' dir='ltr'>Σκυθέων</span> <span class='ocrx_word' id='word_1_82' title='bbox 783 1112 868 1173; x_wconf 83' lang='grc' dir='ltr'>ἐπ’</span> <span class='ocrx_word' id='word_1_83' title='bbox 907 1111 1086 1193; x_wconf 75' lang='grc' dir='ltr'>ἄγρην</span> <span class='ocrx_word' id='word_1_84' title='bbox 1125 1112 1221 1172; x_wconf 85' lang='grc' dir='ltr'>καὶ</span> <span class='ocrx_word' id='word_1_85' title='bbox 1260 1114 1373 1171; x_wconf 81' lang='grc' dir='ltr'>αἰεί</span> <span class='ocrx_word' id='word_1_86' title='bbox 1404 1137 1462 1173; x_wconf 84' lang='grc' dir='ltr'>τι</span> <span class='ocrx_word' id='word_1_87' title='bbox 1502 1112 1799 1191; x_wconf 82' lang='grc' dir='ltr'>φερόντων,</span> <span class='ocrx_word' id='word_1_88' title='bbox 1848 1118 1945 1176; x_wconf 86' lang='grc' dir='ltr'>καί</span> 
     </span>
     <span class='ocr_line' id='line_1_13' title="bbox 341 1199 1941 1309; baseline 0.003 -50"><span class='ocrx_word' id='word_1_89' title='bbox 341 1225 468 1260; x_wconf 85' lang='grc' dir='ltr'>κοτε</span> <span class='ocrx_word' id='word_1_90' title='bbox 497 1200 785 1277; x_wconf 81' lang='grc' dir='ltr'>συνήνεικε</span> <span class='ocrx_word' id='word_1_91' title='bbox 820 1203 968 1262; x_wconf 78' lang='grc' dir='ltr'>ἑλεῖν</span> <span class='ocrx_word' id='word_1_92' title='bbox 999 1205 1187 1277; x_wconf 81' lang='grc' dir='ltr'>σφεας</span> <span class='ocrx_word' id='word_1_93' title='bbox 1216 1200 1408 1277; x_wconf 88' lang='grc' dir='ltr'>μηδέν·</span> <span class='ocrx_word' id='word_1_94' title='bbox 1456 1199 1843 1309; x_wconf 77' lang='grc' dir='ltr'>νοστήσαντας</span> <span class='ocrx_word' id='word_1_95' title='bbox 1878 1204 1941 1263; x_wconf 77' lang='grc' dir='ltr'>δὲ</span> 
     </span>
     <span class='ocr_line' id='line_1_14' title="bbox 339 1286 1935 1371; baseline 0.003 -25"><span class='ocrx_word' id='word_1_96' title='bbox 339 1286 539 1352; x_wconf 75' lang='grc' dir='ltr'>αὐτους</span> <span class='ocrx_word' id='word_1_97' title='bbox 557 1292 773 1367; x_wconf 75' lang='grc' dir='ltr'>κεινῇσι</span> <span class='ocrx_word' id='word_1_98' title='bbox 795 1288 962 1368; x_wconf 80' lang='grc' dir='ltr'>χερσὶ</span> <span class='ocrx_word' id='word_1_99' title='bbox 981 1315 1014 1348; x_wconf 95' lang='grc' dir='ltr'>ο</span> <span class='ocrx_word' id='word_1_100' title='bbox 998 1286 1349 1366; x_wconf 74' lang='grc' dir='ltr'>’Κυαξάρης,</span> <span class='ocrx_word' id='word_1_101' title='bbox 1367 1287 1461 1371; x_wconf 82' lang='grc' dir='ltr'>(ἦν</span> <span class='ocrx_word' id='word_1_102' title='bbox 1477 1314 1604 1369; x_wconf 88' lang='grc' dir='ltr'>γαρ,</span> <span class='ocrx_word' id='word_1_103' title='bbox 1626 1314 1696 1352; x_wconf 89' lang='grc' dir='ltr'>ως</span> <span class='ocrx_word' id='word_1_104' title='bbox 1717 1289 1935 1362; x_wconf 78' lang='grc' dir='ltr'>διέδεξε,</span> 
     </span>
     <span class='ocr_line' id='line_1_15' title="bbox 339 1372 1937 1457; baseline 0.003 -23"><span class='ocrx_word' id='word_1_105' title='bbox 339 1373 516 1457; x_wconf 84' lang='grc' dir='ltr'>ὀργην</span> <span class='ocrx_word' id='word_1_106' title='bbox 553 1372 762 1456; x_wconf 75' lang='grc' dir='ltr'>ἅκρος,)</span> <span class='ocrx_word' id='word_1_107' title='bbox 791 1376 1036 1455; x_wconf 82' lang='grc' dir='ltr'>τρηχέως</span> <span class='ocrx_word' id='word_1_108' title='bbox 1075 1376 1253 1454; x_wconf 89' lang='grc' dir='ltr'>κάρτα</span> <span class='ocrx_word' id='word_1_109' title='bbox 1290 1377 1563 1455; x_wconf 81' lang='grc' dir='ltr'>περιέσπε</span> <span class='ocrx_word' id='word_1_110' title='bbox 1600 1374 1825 1455; x_wconf 85' lang='grc' dir='ltr'>αἐικείῃ·</span> <span class='ocrx_word' id='word_1_111' title='bbox 1883 1382 1937 1439; x_wconf 82' lang='grc' dir='ltr'>οἱ</span> 
     </span>
     <span class='ocr_line' id='line_1_16' title="bbox 339 1461 1937 1541; baseline 0.002 -18"><span class='ocrx_word' id='word_1_112' title='bbox 339 1462 402 1523; x_wconf 81' lang='grc' dir='ltr'>δὲ</span> <span class='ocrx_word' id='word_1_113' title='bbox 447 1466 626 1523; x_wconf 80' lang='grc' dir='ltr'>ταῦτα</span> <span class='ocrx_word' id='word_1_114' title='bbox 673 1463 816 1541; x_wconf 74' lang='grc' dir='ltr'>πρὸς</span> <span class='ocrx_word' id='word_1_115' title='bbox 847 1461 1163 1540; x_wconf 85' lang='grc' dir='ltr'>·Κυαξάρεω</span> <span class='ocrx_word' id='word_1_116' title='bbox 1208 1462 1497 1535; x_wconf 84' lang='grc' dir='ltr'>παθόντες,</span> <span class='ocrx_word' id='word_1_117' title='bbox 1546 1462 1695 1525; x_wconf 75' lang='grc' dir='ltr'>ὥστε</span> <span class='ocrx_word' id='word_1_118' title='bbox 1740 1464 1937 1537; x_wconf 82' lang='grc' dir='ltr'>οἷνάξια</span> 
     </span>
     <span class='ocr_line' id='line_1_17' title="bbox 336 1550 1939 1631; baseline 0.002 -21"><span class='ocrx_word' id='word_1_119' title='bbox 336 1552 532 1628; x_wconf 85' lang='grc' dir='ltr'>σφέων</span> <span class='ocrx_word' id='word_1_120' title='bbox 581 1550 762 1613; x_wconf 74' lang='grc' dir='ltr'>αὐτῶν</span> <span class='ocrx_word' id='word_1_121' title='bbox 812 1551 1152 1615; x_wconf 84' lang='grc' dir='ltr'>πεπονθότες</span> <span class='ocrx_word' id='word_1_122' title='bbox 1216 1550 1570 1627; x_wconf 79' lang='grc' dir='ltr'>ἐβούλευσαν</span> <span class='ocrx_word' id='word_1_123' title='bbox 1624 1556 1736 1613; x_wconf 73' lang='grc' dir='ltr'>τῶν</span> <span class='ocrx_word' id='word_1_124' title='bbox 1784 1554 1939 1631; x_wconf 77' lang='grc' dir='ltr'>παραὶ</span> 
     </span>
     <span class='ocr_line' id='line_1_18' title="bbox 335 1638 1934 1718; baseline 0.002 -20"><span class='ocrx_word' id='word_1_125' title='bbox 335 1640 514 1717; x_wconf 88' lang='grc' dir='ltr'>σφίσι</span> <span class='ocrx_word' id='word_1_126' title='bbox 539 1640 949 1717; x_wconf 83' lang='grc' dir='ltr'>διδασκομένων</span> <span class='ocrx_word' id='word_1_127' title='bbox 981 1639 1195 1699; x_wconf 83' lang='grc' dir='ltr'>παίδων</span> <span class='ocrx_word' id='word_1_128' title='bbox 1226 1639 1323 1699; x_wconf 79' lang='grc' dir='ltr'>ἕνα</span> <span class='ocrx_word' id='word_1_129' title='bbox 1356 1638 1687 1718; x_wconf 83' lang='grc' dir='ltr'>κατακόψαι·</span> <span class='ocrx_word' id='word_1_130' title='bbox 1736 1640 1934 1701; x_wconf 86' lang='grc' dir='ltr'>σκευά-</span> 
     </span>
     <span class='ocr_line' id='line_1_19' title="bbox 335 1725 1936 1805; baseline 0.001 -18"><span class='ocrx_word' id='word_1_131' title='bbox 335 1752 536 1792; x_wconf 85' lang='grc' dir='ltr'>σαντες</span> <span class='ocrx_word' id='word_1_132' title='bbox 560 1728 622 1788; x_wconf 77' lang='grc' dir='ltr'>δὲ</span> <span class='ocrx_word' id='word_1_133' title='bbox 644 1727 816 1789; x_wconf 81' lang='grc' dir='ltr'>αὖτόν</span> <span class='ocrx_word' id='word_1_134' title='bbox 847 1726 1036 1804; x_wconf 81' lang='grc' dir='ltr'>ὥσπερ</span> <span class='ocrx_word' id='word_1_135' title='bbox 1058 1725 1305 1787; x_wconf 76' lang='grc' dir='ltr'>ἐώθεσαν</span> <span class='ocrx_word' id='word_1_136' title='bbox 1330 1727 1423 1786; x_wconf 85' lang='grc' dir='ltr'>καὶ</span> <span class='ocrx_word' id='word_1_137' title='bbox 1445 1726 1519 1787; x_wconf 74' lang='grc' dir='ltr'>τὰ</span> <span class='ocrx_word' id='word_1_138' title='bbox 1545 1728 1714 1805; x_wconf 86' lang='grc' dir='ltr'>θηρία</span> <span class='ocrx_word' id='word_1_139' title='bbox 1739 1729 1936 1789; x_wconf 87' lang='grc' dir='ltr'>σκευά-</span> 
     </span>
     <span class='ocr_line' id='line_1_20' title="bbox 334 1814 1934 1897; baseline 0.003 -23"><span class='ocrx_word' id='word_1_140' title='bbox 334 1816 464 1887; x_wconf 84' lang='grc' dir='ltr'>ζειν,</span> <span class='ocrx_word' id='word_1_141' title='bbox 516 1815 802 1893; x_wconf 81' lang='grc' dir='ltr'>Κυαξάρεῖ</span> <span class='ocrx_word' id='word_1_142' title='bbox 853 1815 1044 1875; x_wconf 81' lang='grc' dir='ltr'>δοῦναι</span> <span class='ocrx_word' id='word_1_143' title='bbox 1091 1814 1356 1892; x_wconf 79' lang='grc' dir='ltr'>φέροντες</span> <span class='ocrx_word' id='word_1_144' title='bbox 1406 1814 1480 1879; x_wconf 75' lang='grc' dir='ltr'>ὥς</span> <span class='ocrx_word' id='word_1_145' title='bbox 1528 1814 1707 1897; x_wconf 75' lang='grc' dir='ltr'>ἄγρην</span> <span class='ocrx_word' id='word_1_146' title='bbox 1752 1817 1934 1893; x_wconf 85' lang='grc' dir='ltr'>δῆθεν,</span> 
     </span>
     <span class='ocr_line' id='line_1_21' title="bbox 333 1902 1937 1984; baseline 0.001 -20"><span class='ocrx_word' id='word_1_147' title='bbox 333 1902 521 1969; x_wconf 80' lang='grc' dir='ltr'>δόντες</span> <span class='ocrx_word' id='word_1_148' title='bbox 546 1905 622 1975; x_wconf 81' lang='grc' dir='ltr'>δὲ,</span> <span class='ocrx_word' id='word_1_149' title='bbox 649 1903 757 1981; x_wconf 69' lang='grc' dir='ltr'>τῆν</span> <span class='ocrx_word' id='word_1_150' title='bbox 786 1903 1066 1984; x_wconf 82' lang='grc' dir='ltr'>ταχίστην</span> <span class='ocrx_word' id='word_1_151' title='bbox 1091 1903 1421 1980; x_wconf 83' lang='grc' dir='ltr'>κομίζεσθαι</span> <span class='ocrx_word' id='word_1_152' title='bbox 1448 1904 1603 1981; x_wconf 87' lang='grc' dir='ltr'>παροὶ</span> <span class='ocrx_word' id='word_1_153' title='bbox 1627 1903 1937 1967; x_wconf 75' lang='grc' dir='ltr'>Ἀλυάττεα</span> 
     </span>
     <span class='ocr_line' id='line_1_22' title="bbox 331 1989 1939 2072; baseline 0.001 -21"><span class='ocrx_word' id='word_1_154' title='bbox 331 1990 432 2052; x_wconf 80' lang='grc' dir='ltr'>τόν</span> <span class='ocrx_word' id='word_1_155' title='bbox 473 1993 834 2070; x_wconf 81' lang='grc' dir='ltr'>Σαρδυάττεω</span> <span class='ocrx_word' id='word_1_156' title='bbox 877 1996 933 2055; x_wconf 90' lang='grc' dir='ltr'>ἐς</span> <span class='ocrx_word' id='word_1_157' title='bbox 964 1989 1187 2068; x_wconf 71' lang='grc' dir='ltr'>Σάρδις.</span> <span class='ocrx_word' id='word_1_158' title='bbox 1266 1994 1443 2051; x_wconf 83' lang='grc' dir='ltr'>ταῦτα</span> <span class='ocrx_word' id='word_1_159' title='bbox 1475 1991 1567 2049; x_wconf 87' lang='grc' dir='ltr'>καὶ</span> <span class='ocrx_word' id='word_1_160' title='bbox 1600 1991 1669 2067; x_wconf 72' lang='grc' dir='ltr'>δή</span> <span class='ocrx_word' id='word_1_161' title='bbox 1701 1992 1939 2072; x_wconf 76' lang='grc' dir='ltr'>ἐγένετοὲ</span> 
     </span>
     <span class='ocr_line' id='line_1_23' title="bbox 337 2076 1936 2158; baseline 0.001 -22"><span class='ocrx_word' id='word_1_162' title='bbox 337 2079 430 2137; x_wconf 78' lang='grc' dir='ltr'>καὶ</span> <span class='ocrx_word' id='word_1_163' title='bbox 463 2077 576 2158; x_wconf 70' lang='grc' dir='ltr'>γὰρ</span> <span class='ocrx_word' id='word_1_164' title='bbox 606 2078 906 2156; x_wconf 78' lang='grc' dir='ltr'>Κυαξάρης</span> <span class='ocrx_word' id='word_1_165' title='bbox 939 2079 1032 2138; x_wconf 87' lang='grc' dir='ltr'>καὶ</span> <span class='ocrx_word' id='word_1_166' title='bbox 1065 2079 1120 2137; x_wconf 77' lang='grc' dir='ltr'>οἱ</span> <span class='ocrx_word' id='word_1_167' title='bbox 1148 2076 1447 2155; x_wconf 75' lang='grc' dir='ltr'>παρεόντες</span> <span class='ocrx_word' id='word_1_168' title='bbox 1477 2076 1798 2154; x_wconf 81' lang='grc' dir='ltr'>δαιτυμόνες</span> <span class='ocrx_word' id='word_1_169' title='bbox 1824 2084 1936 2139; x_wconf 74' lang='grc' dir='ltr'>τῶν</span> 
     </span>
     <span class='ocr_line' id='line_1_24' title="bbox 338 2163 1936 2243; baseline 0.002 -21"><span class='ocrx_word' id='word_1_170' title='bbox 338 2168 512 2241; x_wconf 79' lang='grc' dir='ltr'>κρεῶν</span> <span class='ocrx_word' id='word_1_171' title='bbox 532 2163 738 2226; x_wconf 78' lang='grc' dir='ltr'>τούτων</span> <span class='ocrx_word' id='word_1_172' title='bbox 765 2164 1065 2225; x_wconf 80' lang='grc' dir='ltr'>ἐπάσαντο·</span> <span class='ocrx_word' id='word_1_173' title='bbox 1128 2165 1222 2224; x_wconf 82' lang='grc' dir='ltr'>καὶ</span> <span class='ocrx_word' id='word_1_174' title='bbox 1248 2167 1303 2224; x_wconf 79' lang='grc' dir='ltr'>οἶ</span> <span class='ocrx_word' id='word_1_175' title='bbox 1335 2163 1546 2231; x_wconf 77' lang='grc' dir='ltr'>Σκύθαι</span> <span class='ocrx_word' id='word_1_176' title='bbox 1568 2169 1745 2225; x_wconf 83' lang='grc' dir='ltr'>ταῦτα</span> <span class='ocrx_word' id='word_1_177' title='bbox 1774 2166 1936 2243; x_wconf 86' lang='grc' dir='ltr'>ποιή-</span> 
     </span>
     <span class='ocr_line' id='line_1_25' title="bbox 335 2250 2031 2333; baseline 0.002 -21"><span class='ocrx_word' id='word_1_178' title='bbox 335 2276 538 2315; x_wconf 89' lang='grc' dir='ltr'>σαντες</span> <span class='ocrx_word' id='word_1_179' title='bbox 564 2250 880 2311; x_wconf 80' lang='grc' dir='ltr'>Ἀλυάττεω</span> <span class='ocrx_word' id='word_1_180' title='bbox 918 2252 1090 2313; x_wconf 81' lang='grc' dir='ltr'>ἱκέται</span> <span class='ocrx_word' id='word_1_181' title='bbox 1121 2252 1395 2333; x_wconf 88' lang='grc' dir='ltr'>ἐγένοντο.</span> <span class='ocrx_word' id='word_1_182' title='bbox 1475 2251 1639 2311; x_wconf 74' lang='grc' dir='ltr'>Μετὰ</span> <span class='ocrx_word' id='word_1_183' title='bbox 1671 2253 1733 2311; x_wconf 82' lang='grc' dir='ltr'>δὲ</span> <span class='ocrx_word' id='word_1_184' title='bbox 1760 2258 1934 2314; x_wconf 81' lang='grc' dir='ltr'>ταῦτα</span> <span class='ocrx_word' id='word_1_185' title='bbox 1952 2255 2031 2316; x_wconf 77' lang='grc'>74</span> 
     </span>
     <span class='ocr_line' id='line_1_26' title="bbox 332 2338 1934 2422; baseline 0.003 -23"><span class='ocrx_word' id='word_1_186' title='bbox 332 2338 427 2421; x_wconf 79' lang='grc' dir='ltr'>(οὔ</span> <span class='ocrx_word' id='word_1_187' title='bbox 449 2338 562 2422; x_wconf 79' lang='grc' dir='ltr'>γοῗρ</span> <span class='ocrx_word' id='word_1_188' title='bbox 596 2338 666 2415; x_wconf 75' lang='grc' dir='ltr'>δή</span> <span class='ocrx_word' id='word_1_189' title='bbox 697 2338 732 2399; x_wconf 80' lang='grc' dir='ltr'>ό</span> <span class='ocrx_word' id='word_1_190' title='bbox 761 2338 1072 2417; x_wconf 79' lang='grc' dir='ltr'>Ἀλυάττης</span> <span class='ocrx_word' id='word_1_191' title='bbox 1104 2340 1344 2409; x_wconf 80' lang='grc' dir='ltr'>ἐξεδίδου</span> <span class='ocrx_word' id='word_1_192' title='bbox 1377 2338 1509 2405; x_wconf 75' lang='grc' dir='ltr'>τούς</span> <span class='ocrx_word' id='word_1_193' title='bbox 1539 2339 1757 2405; x_wconf 76' lang='grc' dir='ltr'>Σκύθας</span> <span class='ocrx_word' id='word_1_194' title='bbox 1794 2343 1934 2413; x_wconf 83' lang='grc' dir='ltr'>ἐξαι-</span> 
     </span>
     <span class='ocr_line' id='line_1_27' title="bbox 333 2424 1936 2509; baseline 0.003 -23"><span class='ocrx_word' id='word_1_195' title='bbox 333 2428 519 2488; x_wconf 85' lang='grc' dir='ltr'>τέοντι</span> <span class='ocrx_word' id='word_1_196' title='bbox 558 2424 864 2509; x_wconf 83' lang='grc' dir='ltr'>Κυαξάρεϊ)</span> <span class='ocrx_word' id='word_1_197' title='bbox 889 2426 1141 2506; x_wconf 88' lang='grc' dir='ltr'>πόλεμος</span> <span class='ocrx_word' id='word_1_198' title='bbox 1177 2430 1333 2488; x_wconf 87' lang='grc' dir='ltr'>τοῖσι</span> <span class='ocrx_word' id='word_1_199' title='bbox 1371 2428 1611 2489; x_wconf 80' lang='grc' dir='ltr'>Λυδοῖσι</span> <span class='ocrx_word' id='word_1_200' title='bbox 1652 2431 1744 2489; x_wconf 82' lang='grc' dir='ltr'>καὶ</span> <span class='ocrx_word' id='word_1_201' title='bbox 1781 2435 1936 2491; x_wconf 83' lang='grc' dir='ltr'>τοῖσι</span> 
     </span>
     <span class='ocr_line' id='line_1_28' title="bbox 333 2512 1935 2595; baseline 0.003 -22"><span class='ocrx_word' id='word_1_202' title='bbox 333 2512 591 2590; x_wconf 85' lang='grc' dir='ltr'>Μήδοισι</span> <span class='ocrx_word' id='word_1_203' title='bbox 617 2512 866 2595; x_wconf 82' lang='grc' dir='ltr'>ἐγεγόνεε</span> <span class='ocrx_word' id='word_1_204' title='bbox 893 2513 977 2574; x_wconf 81' lang='grc' dir='ltr'>ἐπ’</span> <span class='ocrx_word' id='word_1_205' title='bbox 1015 2515 1139 2575; x_wconf 82' lang='grc' dir='ltr'>ἔτεα</span> <span class='ocrx_word' id='word_1_206' title='bbox 1162 2515 1346 2575; x_wconf 87' lang='grc' dir='ltr'>πέντε·</span> <span class='ocrx_word' id='word_1_207' title='bbox 1387 2519 1448 2575; x_wconf 90' lang='grc' dir='ltr'>ἐν</span> <span class='ocrx_word' id='word_1_208' title='bbox 1472 2520 1628 2575; x_wconf 88' lang='grc' dir='ltr'>τοῖσι</span> <span class='ocrx_word' id='word_1_209' title='bbox 1657 2517 1935 2583; x_wconf 80' lang='grc' dir='ltr'>πολλάκις</span> 
     </span>
     <span class='ocr_line' id='line_1_29' title="bbox 334 2601 1935 2679; baseline 0.002 -17"><span class='ocrx_word' id='word_1_210' title='bbox 334 2602 439 2679; x_wconf 75' lang='grc' dir='ltr'>μὲν</span> <span class='ocrx_word' id='word_1_211' title='bbox 465 2605 520 2663; x_wconf 83' lang='grc' dir='ltr'>οἶ</span> <span class='ocrx_word' id='word_1_212' title='bbox 543 2604 734 2679; x_wconf 84' lang='grc' dir='ltr'>Μῆδοι</span> <span class='ocrx_word' id='word_1_213' title='bbox 763 2601 898 2666; x_wconf 74' lang='grc' dir='ltr'>τούς</span> <span class='ocrx_word' id='word_1_214' title='bbox 927 2601 1145 2666; x_wconf 73' lang='grc' dir='ltr'>Λυδοῧς</span> <span class='ocrx_word' id='word_1_215' title='bbox 1176 2602 1454 2679; x_wconf 80' lang='grc' dir='ltr'>ἐνίκησαν,</span> <span class='ocrx_word' id='word_1_216' title='bbox 1485 2603 1762 2667; x_wconf 88' lang='grc' dir='ltr'>πολλάκις</span> <span class='ocrx_word' id='word_1_217' title='bbox 1788 2604 1848 2665; x_wconf 79' lang='grc' dir='ltr'>δὲ</span> <span class='ocrx_word' id='word_1_218' title='bbox 1880 2610 1935 2666; x_wconf 77' lang='grc' dir='ltr'>οἱ</span> 
     </span>
     <span class='ocr_line' id='line_1_30' title="bbox 332 2687 1935 2771; baseline 0.005 -26"><span class='ocrx_word' id='word_1_219' title='bbox 332 2687 510 2747; x_wconf 83' lang='grc' dir='ltr'>Λυδοὶ</span> <span class='ocrx_word' id='word_1_220' title='bbox 549 2688 682 2752; x_wconf 76' lang='grc' dir='ltr'>τούς</span> <span class='ocrx_word' id='word_1_221' title='bbox 727 2688 979 2764; x_wconf 85' lang='grc' dir='ltr'>Μήδους·</span> <span class='ocrx_word' id='word_1_222' title='bbox 1047 2693 1106 2749; x_wconf 93' lang='grc' dir='ltr'>ἐν</span> <span class='ocrx_word' id='word_1_223' title='bbox 1146 2688 1223 2760; x_wconf 78' lang='grc' dir='ltr'>δὲ,</span> <span class='ocrx_word' id='word_1_224' title='bbox 1266 2690 1359 2749; x_wconf 85' lang='grc' dir='ltr'>καὶ</span> <span class='ocrx_word' id='word_1_225' title='bbox 1396 2692 1769 2771; x_wconf 85' lang='grc' dir='ltr'>νυκτομαχίην</span> <span class='ocrx_word' id='word_1_226' title='bbox 1810 2692 1935 2755; x_wconf 72' lang='grc' dir='ltr'>τινὰ</span> 
     </span>
     <span class='ocr_line' id='line_1_31' title="bbox 335 2773 1938 2855; baseline 0.004 -20"><span class='ocrx_word' id='word_1_227' title='bbox 335 2773 688 2851; x_wconf 82' lang='grc' dir='ltr'>ἐποιήσαντο.</span> <span class='ocrx_word' id='word_1_228' title='bbox 775 2774 1110 2854; x_wconf 81' lang='grc' dir='ltr'>διαφέρουσι</span> <span class='ocrx_word' id='word_1_229' title='bbox 1136 2776 1199 2836; x_wconf 88' lang='grc' dir='ltr'>δέ</span> <span class='ocrx_word' id='word_1_230' title='bbox 1232 2782 1346 2854; x_wconf 81' lang='grc' dir='ltr'>σφι</span> <span class='ocrx_word' id='word_1_231' title='bbox 1372 2779 1465 2839; x_wconf 86' lang='grc' dir='ltr'>ἐπὶ</span> <span class='ocrx_word' id='word_1_232' title='bbox 1492 2779 1623 2855; x_wconf 82' lang='grc' dir='ltr'>ἰ’σης</span> <span class='ocrx_word' id='word_1_233' title='bbox 1643 2778 1745 2840; x_wconf 83' lang='grc' dir='ltr'>τὸν</span> <span class='ocrx_word' id='word_1_234' title='bbox 1766 2780 1938 2841; x_wconf 87' lang='grc' dir='ltr'>πόλε-</span> 
     </span>
     <span class='ocr_line' id='line_1_32' title="bbox 334 2863 1937 2947; baseline 0.004 -25"><span class='ocrx_word' id='word_1_235' title='bbox 334 2888 460 2934; x_wconf 85' lang='grc' dir='ltr'>μον,</span> <span class='ocrx_word' id='word_1_236' title='bbox 498 2867 576 2941; x_wconf 72' lang='grc' dir='ltr'>τῷ</span> <span class='ocrx_word' id='word_1_237' title='bbox 615 2864 754 2942; x_wconf 76' lang='grc' dir='ltr'>ἕκτῳ</span> <span class='ocrx_word' id='word_1_238' title='bbox 792 2863 902 2924; x_wconf 78' lang='grc' dir='ltr'>ἔτεῖ</span> <span class='ocrx_word' id='word_1_239' title='bbox 939 2866 1249 2941; x_wconf 79' lang='grc' dir='ltr'>συμβολῆς</span> <span class='ocrx_word' id='word_1_240' title='bbox 1284 2866 1601 2947; x_wconf 73' lang='grc' dir='ltr'>γενομένης,</span> <span class='ocrx_word' id='word_1_241' title='bbox 1650 2867 1937 2943; x_wconf 87' lang='grc' dir='ltr'>συνήνεικε</span> 
     </span>
     <span class='ocr_line' id='line_1_33' title="bbox 335 2950 1938 3032; baseline 0.001 -21"><span class='ocrx_word' id='word_1_242' title='bbox 335 2950 484 3011; x_wconf 85' lang='grc' dir='ltr'>ὥστε</span> <span class='ocrx_word' id='word_1_243' title='bbox 513 2954 614 3026; x_wconf 86' lang='grc' dir='ltr'>τῆς</span> <span class='ocrx_word' id='word_1_244' title='bbox 645 2950 834 3028; x_wconf 87' lang='grc' dir='ltr'>μάχης</span> <span class='ocrx_word' id='word_1_245' title='bbox 868 2950 1259 3028; x_wconf 74' lang='grc' dir='ltr'>συνεστεώσης</span> <span class='ocrx_word' id='word_1_246' title='bbox 1291 2951 1397 3029; x_wconf 81' lang='grc' dir='ltr'>τὴν</span> <span class='ocrx_word' id='word_1_247' title='bbox 1434 2953 1649 3032; x_wconf 81' lang='grc' dir='ltr'>ἤμέρην</span> <span class='ocrx_word' id='word_1_248' title='bbox 1679 2955 1938 3032; x_wconf 82' lang='grc' dir='ltr'>ἐξαπίνης</span> 
     </span>
     <span class='ocr_line' id='line_1_34' title="bbox 335 3036 1937 3119; baseline 0.006 -22"><span class='ocrx_word' id='word_1_249' title='bbox 335 3036 507 3097; x_wconf 74' lang='grc' dir='ltr'>νύκτα</span> <span class='ocrx_word' id='word_1_250' title='bbox 555 3038 840 3119; x_wconf 87' lang='grc' dir='ltr'>γενέσθαι.</span> <span class='ocrx_word' id='word_1_251' title='bbox 919 3039 1025 3116; x_wconf 78' lang='grc' dir='ltr'>τήν</span> <span class='ocrx_word' id='word_1_252' title='bbox 1069 3040 1132 3099; x_wconf 78' lang='grc' dir='ltr'>δὲ</span> <span class='ocrx_word' id='word_1_253' title='bbox 1174 3040 1543 3117; x_wconf 66' lang='grc' dir='ltr'>μεταλλαγήν</span> <span class='ocrx_word' id='word_1_254' title='bbox 1584 3041 1790 3118; x_wconf 75' lang='grc' dir='ltr'>ταύτην</span> <span class='ocrx_word' id='word_1_255' title='bbox 1833 3046 1937 3117; x_wconf 78' lang='grc' dir='ltr'>τῆς</span> 
     </span>
     <span class='ocr_line' id='line_1_35' title="bbox 335 3123 1940 3207; baseline 0.002 -24"><span class='ocrx_word' id='word_1_256' title='bbox 335 3123 546 3203; x_wconf 81' lang='grc' dir='ltr'>ἡμέρης</span> <span class='ocrx_word' id='word_1_257' title='bbox 571 3128 766 3200; x_wconf 83' lang='grc' dir='ltr'>Θαλῆς</span> <span class='ocrx_word' id='word_1_258' title='bbox 798 3125 831 3185; x_wconf 78' lang='grc' dir='ltr'>ὅ</span> <span class='ocrx_word' id='word_1_259' title='bbox 867 3126 1161 3202; x_wconf 84' lang='grc' dir='ltr'>Μιλήσιος</span> <span class='ocrx_word' id='word_1_260' title='bbox 1190 3131 1347 3187; x_wconf 86' lang='grc' dir='ltr'>τοῖσι</span> <span class='ocrx_word' id='word_1_261' title='bbox 1367 3127 1527 3188; x_wconf 86' lang='grc' dir='ltr'>Ἴωσι</span> <span class='ocrx_word' id='word_1_262' title='bbox 1556 3127 1940 3207; x_wconf 86' lang='grc' dir='ltr'>προηγόρευσε</span> 
     </span>
     <span class='ocr_line' id='line_1_36' title="bbox 338 3210 1939 3291; baseline 0 -20"><span class='ocrx_word' id='word_1_263' title='bbox 338 3211 587 3284; x_wconf 72' lang='grc' dir='ltr'>ἔσεσθαι,</span> <span class='ocrx_word' id='word_1_264' title='bbox 623 3211 790 3291; x_wconf 76' lang='grc' dir='ltr'>οὖρον</span> <span class='ocrx_word' id='word_1_265' title='bbox 820 3213 1161 3291; x_wconf 87' lang='grc' dir='ltr'>προθέμενος</span> <span class='ocrx_word' id='word_1_266' title='bbox 1192 3213 1438 3275; x_wconf 74' lang='grc' dir='ltr'>ἐνιαυτόν</span> <span class='ocrx_word' id='word_1_267' title='bbox 1468 3220 1664 3275; x_wconf 86' lang='grc' dir='ltr'>τοῦτον</span> <span class='ocrx_word' id='word_1_268' title='bbox 1694 3218 1753 3271; x_wconf 88' lang='grc' dir='ltr'>ἐν</span> <span class='ocrx_word' id='word_1_269' title='bbox 1786 3210 1830 3289; x_wconf 81' lang='grc' dir='ltr'>ᾧ</span> <span class='ocrx_word' id='word_1_270' title='bbox 1868 3213 1939 3288; x_wconf 84' lang='grc' dir='ltr'>δὴ</span> 
     </span>
     <span class='ocr_line' id='line_1_37' title="bbox 339 3298 1939 3384; baseline -0.001 -24"><span class='ocrx_word' id='word_1_271' title='bbox 339 3302 430 3361; x_wconf 79' lang='grc' dir='ltr'>καὶ</span> <span class='ocrx_word' id='word_1_272' title='bbox 477 3302 696 3384; x_wconf 84' lang='grc' dir='ltr'>ἐγένετο</span> <span class='ocrx_word' id='word_1_273' title='bbox 742 3300 784 3377; x_wconf 79' lang='grc' dir='ltr'><em>ἦ</em></span> <span class='ocrx_word' id='word_1_274' title='bbox 827 3301 1147 3379; x_wconf 87' lang='grc' dir='ltr'>μεταβολή.</span> <span class='ocrx_word' id='word_1_275' title='bbox 1228 3303 1285 3360; x_wconf 78' lang='grc' dir='ltr'>οἱ</span> <span class='ocrx_word' id='word_1_276' title='bbox 1328 3300 1389 3359; x_wconf 79' lang='grc' dir='ltr'>δὲ</span> <span class='ocrx_word' id='word_1_277' title='bbox 1424 3300 1604 3359; x_wconf 85' lang='grc' dir='ltr'>Λυδοί</span> <span class='ocrx_word' id='word_1_278' title='bbox 1635 3322 1699 3357; x_wconf 88' lang='grc' dir='ltr'>τε</span> <span class='ocrx_word' id='word_1_279' title='bbox 1745 3298 1837 3357; x_wconf 86' lang='grc' dir='ltr'>καὶ</span> <span class='ocrx_word' id='word_1_280' title='bbox 1884 3302 1939 3358; x_wconf 79' lang='grc' dir='ltr'>οἶ</span> 
     </span>
    </p>
   </div>
  </div>
 </body>
</html>
