2267 3517
374 119 593 185 16—20]
959 121 1412 173 ΜΕΔΠΟΜΕΝΗ.
1877 121 1973 175 287

376 199 687 278 κατύπερθε
738 201 984 261 οἰκέουσι
1029 201 1260 278 Νευροί.
1342 203 1573 276 Νευρῶν
1619 199 1680 260 δὲ
1724 199 1791 260 τὸ
1834 201 1978 276 πρός

372 287 560 364 βορῆν
591 287 797 365 ἄνεμον
832 291 1037 366 ε’ρῆμος
1072 287 1392 364 ἀνθρώπων,
1425 286 1567 347 ὅσον
1601 286 1762 363 ἤμεῖς
1797 287 1973 364 ἴδμεν.

372 379 551 434 ταῦτα
589 377 693 451 μὲν
732 375 885 453 παρσῖ
928 376 1031 437 τόν
1058 375 1300 435 ’Υπανιν
1337 374 1593 451 ποταμόν
1634 379 1758 435 ε’στι
1798 376 1973 447 ἔθνεα,

373 462 515 540 πρὸς
568 465 807 540 ἑσπέρης
856 467 958 524 τοῦ
1011 463 1408 540 Βορυσθένεος.
1487 461 1662 539 'Am-dp
1715 461 1974 538 διαβάντι
1994 465 2068 525 18

371 548 473 610 τόν
534 551 905 628 Βορυσθένεα,
958 549 1072 610 άπό
1140 549 1442 626 θαλάσσης
1502 554 1722 627 πρῶτον
1776 552 1882 627 μὲν
1930 576 1969 628 η

370 634 594 714 Ὑλαίη·
651 637 765 698 ‹in-6
802 639 862 698 δὲ
897 637 1101 714 ταύτης
1136 664 1246 698 ανω
1280 639 1527 698 οἰκέουσι
1565 637 1776 702 Σκύθαι
1805 664 1973 718 γεωρ-

370 750 482 805 γοι,
535 751 665 789 τους
714 725 994 802 Ἕλληνες
1051 729 1108 785 οἱ
1165 726 1434 790 οἰκέοντες
1493 727 1586 785 ε’πὶ
1641 728 1719 804 τῷ
1773 724 1975 788 εΥπάνι
2001 793 2014 806 .

372 818 605 892 ποταμῷ
645 815 913 874 καλέουσι
953 813 1409 891 Βορυσθενεὶτας,
1451 813 1636 889 σφέας
1674 813 1735 872 δὲ
1774 812 1975 879 αύτους

372 898 838 977 Ὀλβιοπολίτας·
868 899 1021 962 οὗτοι
1042 900 1117 961 ὧν
1138 904 1192 961 οἱ
1209 903 1448 982 γεωργοὶ
1468 900 1680 965 Σκύθαι
1695 902 1970 977 νέμονται,

370 986 437 1047 τὸ
467 991 572 1064 μὲν
608 989 755 1067 πρὸς
790 989 895 1066 τήν
932 987 1018 1065 ἠῶ
1058 989 1153 1049 ε’πὶ
1192 992 1339 1065 τρεῖς
1376 988 1588 1066 ἡμέρας
1626 987 1776 1058 ὁδοῦ,
1806 990 1972 1066 κατή-

374 1100 560 1140 κοντες
606 1077 697 1136 ε’πὶ
732 1077 988 1153 ποταμὸν
1017 1080 1094 1155 τῷ
1134 1073 1350 1152 οὔνομα
1383 1080 1558 1136 κεῖται
1590 1075 1968 1154 Παντικάπης,

370 1162 439 1222 τὰ
477 1163 537 1222 δὲ
576 1163 717 1240 πρός
749 1166 935 1241 βορῆν
970 1164 1192 1242 ἄνεμον,
1217 1163 1400 1226 πλόον
1429 1162 1536 1224 άνᾶ.
1563 1163 1664 1224 τὸν
1689 1167 1972 1240 Βορυσθέ-

372 1274 472 1310 νεα
494 1249 741 1328 ἡμερέων
768 1252 976 1312 ἕνδεκα·
1016 1252 1055 1327 ἦ
1091 1252 1152 1310 δὲ
1188 1251 1495 1330 κατύπερθε
1528 1251 1739 1313 τούτων
1769 1253 1974 1330 ε’ρῆμός

374 1340 499 1397 ἐστι
536 1339 628 1396 ε’πὶ
666 1337 905 1398 πολλόν·
944 1339 1088 1416 μετὰ
1120 1339 1182 1399 δὲ
1215 1339 1319 1416 τήν
1360 1343 1566 1416 ε’ρῆμον
1593 1338 1972 1421 Ἀνδροφάγοι

373 1426 636 1496 οἰκέουσι,
668 1427 823 1490 ἔθνος
859 1427 953 1487 ε’ὁν
984 1427 1123 1489 ἴδιον
1157 1428 1250 1486 καὶ
1280 1425 1529 1502 οὐδαμῶς
1570 1427 1863 1492 Σκυθικόν·
1901 1427 1970 1490 τό

372 1512 433 1572 δὲ
454 1513 663 1576 τούτων
690 1514 998 1592 κατύπερθε
1030 1519 1236 1593 ε’ρῆμος
1263 1514 1370 1592 ἤδη
1403 1515 1670 1591 α’ληθέως,
1697 1516 1792 1575 καὶ
1819 1517 1973 1582 ἔθνος

370 1600 671 1680 α’νθρῶπων
698 1603 873 1676 οὐδὲν,
901 1603 1043 1664 ὅσον
1067 1604 1232 1681 ἡμεῖς
1257 1604 1432 1680 ἴδμεν.
1514 1602 1594 1664 Τὸ
1621 1603 1681 1663 δὲ
1704 1602 1847 1680 πρός
1870 1605 1974 1680 τήν
1992 1608 2082 1682 19ι

367 1688 452 1765 ηἰῖῖ
485 1696 744 1774 γεωργῶν
776 1692 986 1753 τούτων
1027 1692 1301 1761 Σκυθέων,
1333 1690 1595 1768 διαβάντι
1627 1690 1730 1752 τὸν
1766 1698 1972 1753 Παντι-

369 1777 554 1854 κάπην
576 1777 853 1858 ποταμδν,
882 1779 1146 1857 Νομάδες
1172 1778 1280 1855 ἤδη
1307 1781 1518 1845 Σκύθαι
1542 1780 1817 1856 νέμονται,
1847 1779 1973 1841 οὔτε

368 1889 426 1924 τι
464 1868 788 1944 σπείροντες
828 1867 1004 1937 οὐδὲν,
1048 1865 1176 1928 οὔτε
1227 1866 1506 1944 α’ροΰντες·
1547 1865 1717 1946 (ψιλή
1757 1866 1817 1925 δὲ
1857 1867 1972 1927 δεν-

370 1951 540 2028 δρέων
585 1959 747 2014 πᾶσα
794 1953 934 2030 αὕτη
974 1959 1069 2036 γῆ,
1118 1955 1272 2032 πλὴν
1315 1959 1417 2031 τῆς
1457 1955 1732 2034 Ὑλαίης.)
1815 1957 1870 2013 οἱ
1911 1955 1972 2014 δὲ

371 2039 633 2116 Νομάδες
669 2038 825 2101 οὗτοι
848 2040 916 2102 τό
947 2041 1092 2119 πρὸς
1128 2042 1234 2118 τήν
1271 2043 1372 2119 η’ὣ,
1403 2041 1650 2119 ἡμερέων
1686 2042 1972 2119 τεσσέρων

372 2128 465 2185 καὶ
518 2128 649 2187 δέκα
688 2129 839 2198 ὅδὸν,
878 2130 1141 2205 νέμονται
1178 2131 1368 2209 χώρην
1408 2129 1841 2190 κατατείνουσαν
1881 2131 1972 2190 ε’πὶ

368 2217 628 2294 ποταμόν
666 2218 894 2294 Γέρρον.
976 2218 1170 2294 Πέρην
1209 2219 1269 2278 δὲ
1307 2222 1411 2278 τοῦ
1451 2219 1661 2294 Γέρρου
1699 2220 1875 2278 ταῦτα
1901 2218 1969 2294 δή
1988 2221 2071 2279 20

366 2304 439 2363 τά
466 2304 779 2382 καλεύμενα
806 2304 1096 2381 Βασιλήῖά
1133 2311 1274 2376 ἐστι,
1304 2307 1396 2365 καὶ
1424 2305 1635 2370 Σκύθαι
1669 2307 1724 2364 οῖ
1748 2303 1978 2381 ἄριστοί

364 2417 428 2451 τε
456 2392 549 2450 καὶ
572 2396 852 2467 πλεῖστοι,
884 2394 975 2453 καὶ
1008 2393 1141 2458 τούς
1171 2392 1384 2457 ἄλλους
1414 2393 1728 2471 νομίζοντες
1753 2392 1972 2458 Σκύθας

366 2478 602 2546 δούλους
648 2483 957 2558 σφετέρους
1002 2481 1161 2542 εἶναι·
1231 2480 1538 2556 κατήκουσι
1584 2481 1647 2540 δὲ
1689 2478 1858 2552 οὗτοι,
1903 2482 1972 2542 vd

367 2570 472 2644 μὲν
506 2569 649 2646 πρός
682 2570 1053 2647 μεσαμβρίην
1090 2574 1146 2633 ε’ς
1179 2568 1284 2645 τὴν
1319 2568 1614 2646 Ταυρικήν,
1640 2569 1707 2629 τὸ
1744 2569 1804 2628 δὲ
1833 2568 1975 2646 πρός

364 2655 448 2730 ηἀἳ
485 2658 581 2715 ε’πί
612 2683 677 2717 τε
707 2657 945 2733 τάφρον,
976 2655 1083 2732 τήν
1122 2656 1192 2733 δὴ
1230 2660 1284 2716 οἱ
1316 2661 1378 2716 ἐκ
1406 2661 1519 2717 τῶν
1551 2660 1784 2732 τυφλῶν
1815 2657 1971 2739 γενό-

362 2768 525 2818 μενοι
558 2743 785 2821 ὤρυξαν,
812 2745 905 2804 καὶ
941 2744 1034 2804 ἐπὶ
1065 2748 1167 2821 τῆς
1202 2745 1404 2821 λίμνης
1431 2747 1535 2820 τῆς
1565 2743 1875 2819 Μαιήτιδος
1902 2744 1970 2806 va

364 2831 635 2908 ἐμπόριον
663 2832 732 2892 τό
775 2833 1034 2892 καλέεται
1064 2833 1343 2910 Κρημνοί·
1384 2829 1458 2892 τά
1494 2832 1556 2892 δὲ
1581 2831 1766 2902 ,αὐτῶν
1807 2833 1971 2916 κατή-

365 2943 530 2979 κουσι
555 2919 649 2979 ἐπὶ
681 2919 938 2998 ποταμόν
972 2918 1202 2980 Τάναϊν.
1280 2920 1354 2980 τά
1391 2920 1451 2979 δὲ
1483 2919 1789 2995 κατύπερθε
1828 2918 1970 2996 πρὸς

361 3007 550 3084 βορῆν
602 3005 807 3084 ἄνεμον
859 3011 971 3068 τῶν
1029 3007 1356 3084 βασιληίων
1414 3007 1668 3072 Σκυθέων
1722 3007 1968 3066 οἰκέουσι
2007 3017 2016 3037 ’

362 3094 811 3176 Μελάγχλαινοι,
838 3093 988 3154 ἄλλο
1014 3095 1170 3159 ἔθνος
1196 3095 1290 3153 καὶ
1316 3093 1382 3154 οὗ
1402 3093 1692 3159 Σκυθικόν·
1735 3097 1968 3173 Μελαγ-

360 3181 610 3262 χλαίνων
653 3182 715 3242 δὲ
751 3182 819 3242 τὸ
856 3181 1186 3258 κατύπερθε,
1227 3182 1424 3259 λίμναι
1463 3181 1556 3239 καὶ
1597 3179 1799 3256 ε’ρῆμός
1840 3185 1966 3241 ἐστι

362 3269 682 3342 ἀνθρώπων,
712 3267 956 3330 κατόσον
978 3268 1140 3341 ἡμεῖς
1163 3269 1338 3340 ἴδμεν.
