2267 3517
330 126 413 185 31,
442 122 529 189 32]
1003 121 1334 171 nwEPnn.
1829 122 1932 173 123

332 202 569 271 Νειλου,
610 198 682 265 ὥς
720 198 897 265 οὖδεὶς
936 198 1107 261 αὐτοῦ
1155 199 1269 261 οἶδε
1314 199 1417 264 τὰς
1452 198 1658 281 πηγάς·
1705 199 1798 259 καὶ
1833 198 1937 261 τὸν

334 288 641 369 Ἐτέαρχον
661 287 837 364 φάναι
862 288 1049 348 ἐλθεῖν
1074 313 1203 347 κοτε
1229 286 1359 365 παρ’
1379 286 1549 347 αὐτόν
1573 291 1936 365 Νασαμῶνας

306 418 314 425 -
335 375 555 453 ἄνδρας·
584 375 673 456 (τό
700 376 760 436 δὲ
788 376 942 439 ἔθνος
966 375 1132 435 τοῦτό
1155 380 1279 435 ἐστι
1303 376 1407 451 μὲν
1426 374 1698 450 Λιβυκόν,
1716 376 1938 451 νέμεται

334 462 397 523 δὲ
420 462 526 539 τήν
548 462 749 540 Σύρτιν
768 488 830 523 τε
858 463 950 521 καὶ
974 462 1077 538 τήν
1097 462 1240 539 πρός
1264 460 1346 537 ἠῶ
1370 460 1559 540 χώρην
1577 465 1678 537 τῆς
1707 462 1938 541 Σύρτιος

336 550 437 611 οὐκ
471 552 563 611 ἐπὶ
593 549 861 635 πολλόν)
902 548 1268 627 ἀπικομένους
1300 549 1361 608 δὲ
1395 548 1524 612 τούς
1561 554 1935 627 Νασαμῶνας,

338 639 431 698 καὶ
472 637 899 717 εἰρωτωμένους
942 639 993 697 εἴ
1027 662 1083 697 τι
1124 637 1322 716 ἔχουσι
1362 636 1540 697 πλέον
1586 638 1772 719 λέγειν
1811 640 1940 716 περὶ

334 730 444 799 τῶν
470 726 688 804 ἐρήμων
712 730 814 801 τῆς
833 724 1071 802 Λιβύης,
1093 723 1272 801 φάναι
1295 724 1450 803 παραὶ
1475 726 1652 800 σφίσι
1675 727 1939 807 γενέσθαι

337 811 550 891 ἀνδρῶν
586 813 900 874 δυναστέων
934 812 1140 877 παῖδας
1177 810 1475 890 ὕβριστάς·
1516 812 1646 877 τούς
1685 812 1840 873 ἄλλα
1877 839 1940 874 τε

336 901 703 980 μηχανᾶσθαι
739 900 1114 978 ἀνδρωθέντας
1146 900 1416 978 περισσὰ,
1450 901 1541 961 καὶ
1576 901 1645 977 δὴ
1677 902 1770 961 καὶ
1801 901 1938 963 α’πο-

338 993 630 1067 κληρῶσαι
680 990 845 1049 πέντε
890 991 1101 1048 ἑωυτῶν
1145 986 1454 1066 ὀψομένους
1494 987 1567 1049 τα“
1616 993 1796 1067 ἐρῆμα
1839 994 1940 1067 τῆς

338 1075 575 1154 Λιβύης,
619 1077 712 1136 καὶ
752 1077 803 1137 εἶ
838 1101 895 1137 τι
935 1076 1113 1137 πλέον
1153 1075 1322 1135 ἴδοιεν
1355 1078 1466 1135 τῶν
1503 1074 1577 1135 τοὶ
1613 1076 1938 1155 μακρότατα

342 1164 622 1239 ἰδομένων.
678 1166 800 1244 (τῆς
818 1163 928 1246 γὰρ
950 1162 1172 1241 Λιβύης
1191 1162 1262 1223 τοὶ
1285 1164 1391 1240 μὲν
1412 1162 1552 1223 κατὰ
1569 1162 1674 1240 τήν
1697 1165 1940 1242 βορηίην
1993 1195 2009 1205 ·

339 1250 661 1321 θάλασσαν,
684 1249 777 1309 ἀπ’
795 1249 1081 1332 Αἰγύπτου
1108 1247 1409 1328 ἀρξάμενοι
1433 1251 1602 1331 μέχρι
1630 1252 1938 1317 Σολόεντος

338 1337 525 1416 ἄκρης,
551 1336 591 1417 ᾖ
616 1339 871 1399 τελευταὶ
900 1343 1003 1414 τῆς
1032 1336 1271 1415 Λιβύης,
1299 1337 1620 1417 παρήκουσι
1651 1339 1804 1418 παρὰ
1829 1344 1937 1399 πᾶ-

336 1450 451 1486 σαν
474 1427 859 1504 Λίβυες-καὶ
884 1424 1115 1504 Λιβύων
1143 1426 1301 1487 ἔθνεα
1325 1425 1773 1503 roms—emh
1799 1427 1938 1489 ὅσον

336 1511 605 1590 Έλληνες
631 1514 723 1574 καὶ
749 1515 997 1578 Φοίνικες
1024 1514 1240 1593 ἔχουσι·
1279 1511 1353 1573 τιὶ
1380 1513 1441 1574 δὲ
1471 1513 1610 1593 ὖπέρ
1639 1514 1939 1592 θαλάσσης

333 1626 395 1663 τε
427 1603 522 1673 καὶ
550 1607 660 1664 τῶν
687 1603 778 1662 ἐπὶ
810 1601 1117 1663 θάλασσαν
1146 1599 1495 1677 κατηκόντων
1520 1602 1836 1681 ἀνθρώπων,
1864 1604 1938 1664 τὰ

334 1689 643 1768 κατύπερθε
670 1690 942 1769 θηριώδης
975 1689 1099 1750 ἐστὶ
1122 1688 1164 1765 ἦ
1190 1687 1402 1767 Λιβύη·
1442 1688 1515 1749 τοὶ
1541 1690 1602 1749 δὲ
1628 1690 1937 1770 κατύπερθε

331 1782 435 1854 τῆς
471 1778 781 1856 θηριώδεος,
809 1777 1041 1857 ψάμμος
1077 1777 1143 1837 τέ
1178 1781 1301 1836 ἐστι
1337 1776 1432 1836 καὶ
1465 1775 1694 1855 ἄνυδρος
1729 1777 1932 1851 δεινῶς,

337 1866 431 1925 καὶ
458 1870 661 1944 ἐρῆμος
691 1865 955 1947 πάντων.)
1025 1864 1146 1925 ἐπεὶ
1179 1862 1255 1925 ῶν
1280 1862 1412 1929 τοῦς
1438 1866 1652 1941 νεηνίας
1683 1864 1934 1945 α’ποπεμ-

335 1954 612 2029 πομένους
646 1952 757 2014 ivr&
793 1956 904 2013 τῶν
937 1951 1165 2028 ἡλίκων,
1191 1951 1364 2012 ὕδασί
1393 1976 1456 2012 τε
1489 1954 1580 2011 καὶ
1607 1955 1844 2013 σιτίοισι
1874 1952 1935 2013 εὖ

338 2039 749 2117 ἐξηρτυμένους,
769 2039 907 2099 ἰέναι
929 2039 1001 2100 τσῖ
1019 2043 1214 2117 πρῶτα
1237 2043 1341 2116 μὲν
1366 2038 1459 2099 διὰ
1483 2043 1584 2115 τῆς
1604 2042 1934 2117 οἰκεομένης,

335 2126 541 2203 ταύτην
568 2128 628 2187 δὲ
664 2124 1047 2196 διεξελθόντας
1082 2132 1140 2192 ἐς
1169 2126 1275 2203 τήν
1313 2126 1580 2204 θηριώδεα
1615 2124 1932 2197 α’πικέσθαι,

338 2218 400 2273 ἐκ
427 2213 488 2273 δὲ
518 2213 721 2290 ταύτης
750 2214 855 2289 τὴν
881 2217 1089 2290 ἐρῆμον
1113 2213 1365 2284 διεξιέναι
1390 2213 1494 2290 τὴν
1520 2212 1652 2275 ὄδὸν
1682 2215 1934 2293 ποιευμέ-

338 2327 467 2365 νους
505 2301 647 2380 πρὸς
686 2302 927 2379 ζέφυρον
963 2300 1186 2379 ἄνεμον·
1228 2301 1612 2372 διεξελθόντας
1652 2302 1713 2363 δὲ
1751 2306 1934 2383 χῶρον

338 2390 559 2450 πολλὰν
586 2388 895 2469 ψαμμώδεα
929 2389 1021 2448 καὶ
1052 2394 1111 2450 ἐν
1143 2392 1402 2469 πολλῇσι
1427 2389 1672 2471 ἡμέρῃσι
1706 2390 1838 2452 ἰδεῖν
1863 2390 1934 2469 δή

342 2502 469 2537 κοτε
510 2478 732 2555 δένδρεα
764 2482 822 2537 ἐν
850 2477 1017 2557 πεδίῳ
1050 2476 1360 2555 πεφυκότα·
1403 2480 1502 2539 καί
1536 2486 1722 2557 σφεας
1759 2505 1936 2557 προσ-

342 2565 608 2630 ελθόντας
641 2564 922 2627 ἅπτεσθαι
963 2570 1063 2626 τοῦ
1105 2564 1363 2629 ἐπεόντος
1405 2567 1498 2626 ἐπὶ
1527 2572 1638 2628 τῶν
1673 2568 1934 2647 δενδρέων

342 2658 576 2733 καρποῦ·
605 2654 973 2732 ἅπτομένοισι
992 2654 1056 2713 δέ
1068 2659 1182 2731 σφι
1200 2655 1456 2715 ἐπελθεῖν
1470 2653 1670 2733 ἄνδρας
1688 2655 1934 2733 μικροῦς,

343 2742 579 2820 μετρίων
600 2741 918 2806 ἐλάσσονας
937 2740 1164 2818 α’νδρῶν,
1182 2740 1467 2817 λαβόντας
1482 2742 1542 2802 δὲ
1561 2742 1717 2824 ἄγειν
1733 2743 1935 2821 σφέας·

340 2833 531 2906 φωνῆς
564 2828 624 2888 δὲ
662 2827 787 2890 οὔτε
821 2855 879 2889 τι
910 2831 1012 2905 τῆς
1050 2830 1266 2889 ἐκείνων
1295 2830 1424 2893 τούς
1459 2834 1818 2909 Νασαμῶνας
1852 2856 1934 2912 γι-

340 2916 575 2978 νώσκειν
612 2917 738 2979 οὔτε
776 2916 905 2981 τούς
942 2916 1180 2998 ἄγοντας
1212 2920 1321 2978 τῶν
1354 2918 1742 2994 Νασαμώνων·
1783 2915 1938 2998 ἄγειν

337 3030 401 3065 τε
442 3005 512 3083 δῆ
554 3004 755 3069 αὐτοῦς
795 3004 862 3064 δι’
890 3006 1059 3065 ἑλέων
1097 3004 1396 3085 μεγίστων,
1423 3004 1516 3063 καὶ
1557 3003 1937 3073 διεξελθόντας

338 3097 516 3155 ταῦτα
543 3092 846 3153 α’πικέσθαι
873 3097 927 3155 ἐς
958 3092 1129 3152 πόλιν
1158 3096 1216 3152 ἐν
1239 3094 1312 3169 τῇ
1336 3090 1583 3152 ἅπαντας
1615 3089 1752 3148 εἶναι
1782 3090 1936 3145 τοῖσι

337 3179 543 3263 ἄγουσι
573 3181 639 3244 τό
671 3180 918 3261 μέγαθος
950 3180 1124 3248 ἴσους,
1153 3182 1355 3258 χρῶμα
1387 3178 1447 3236 δὲ
1478 3176 1742 3253 μέλανας·
1783 3173 1938 3247 παραὶ

336 3269 398 3331 δὲ
434 3269 541 3347 τὴν
580 3270 754 3333 πόλιν
791 3267 938 3345 ῥέειν
983 3265 1241 3344 ποταμόν
1285 3264 1482 3342 μέγαν·
1535 3259 1679 3335 ῥέειν
1720 3255 1781 3315 δὲ
1820 3256 1933 3317 ‹in-<3
