<?xml version="1.0" encoding="UTF-8"?>
<!DOCTYPE html PUBLIC "-//W3C//DTD XHTML 1.0 Transitional//EN"
    "http://www.w3.org/TR/xhtml1/DTD/xhtml1-transitional.dtd">
<html xmlns="http://www.w3.org/1999/xhtml" xml:lang="en" lang="en">
 <head>
  <title>
</title>
<meta http-equiv="Content-Type" content="text/html;charset=utf-8" />
  <meta name='ocr-system' content='tesseract 3.04.00' />
  <meta name='ocr-capabilities' content='ocr_page ocr_carea ocr_par ocr_line ocrx_word'/>
</head>
<body>
  <div class='ocr_page' id='page_1' title='image "./herodotus05blakgoog_0026.png"; bbox 0 0 2267 3517; ppageno 0'>
   <div class='ocr_carea' id='block_1_1' title="bbox 209 462 279 519">
    <p class='ocr_par' dir='ltr' id='par_1_1' title="bbox 209 462 279 519">
     <span class='ocr_line' id='line_1_1' title="bbox 209 462 279 519; baseline 0 0"><span class='ocrx_word' id='word_1_1' title='bbox 209 462 279 519; x_wconf 89' lang='lat'>31</span> 
     </span>
    </p>
   </div>
   <div class='ocr_carea' id='block_1_2' title="bbox 295 122 1911 2960">
    <p class='ocr_par' dir='ltr' id='par_1_2' title="bbox 302 122 1905 455">
     <span class='ocr_line' id='line_1_2' title="bbox 305 122 1895 186; baseline 0.003 -15"><span class='ocrx_word' id='word_1_2' title='bbox 305 122 367 171; x_wconf 81' lang='lat'>14</span> <span class='ocrx_word' id='word_1_3' title='bbox 898 122 1267 173; x_wconf 70' lang='lat' dir='ltr'><strong>‘HPOAOTOT</strong></span> <span class='ocrx_word' id='word_1_4' title='bbox 1822 122 1895 186; x_wconf 85' lang='grc' dir='ltr'>[Ῑ.</span> 
     </span>
     <span class='ocr_line' id='line_1_3' title="bbox 303 200 1903 279; baseline 0.001 -20"><span class='ocrx_word' id='word_1_5' title='bbox 303 201 395 260; x_wconf 79' lang='grc' dir='ltr'>καὶ</span> <span class='ocrx_word' id='word_1_6' title='bbox 411 201 626 278; x_wconf 75' lang='grc' dir='ltr'>τροπὴν</span> <span class='ocrx_word' id='word_1_7' title='bbox 645 201 887 278; x_wconf 81' lang='grc' dir='ltr'>ποιήσας</span> <span class='ocrx_word' id='word_1_8' title='bbox 913 200 1023 262; x_wconf 76' lang='grc' dir='ltr'>τῶν</span> <span class='ocrx_word' id='word_1_9' title='bbox 1045 202 1329 279; x_wconf 89' lang='grc' dir='ltr'>πολεμίων</span> <span class='ocrx_word' id='word_1_10' title='bbox 1344 200 1585 261; x_wconf 73' lang='grc' dir='ltr'>ἀπέθανε</span> <span class='ocrx_word' id='word_1_11' title='bbox 1601 200 1903 261; x_wconf 83' lang='grc' dir='ltr'>κάλλιστα·</span> 
     </span>
     <span class='ocr_line' id='line_1_4' title="bbox 305 286 1905 368; baseline 0.003 -24"><span class='ocrx_word' id='word_1_12' title='bbox 305 287 403 345; x_wconf 88' lang='grc' dir='ltr'>καί</span> <span class='ocrx_word' id='word_1_13' title='bbox 434 312 533 363; x_wconf 90' lang='grc' dir='ltr'>μιν</span> <span class='ocrx_word' id='word_1_14' title='bbox 565 286 852 363; x_wconf 84' lang='grc' dir='ltr'>Ἀθηναῖοι</span> <span class='ocrx_word' id='word_1_15' title='bbox 891 289 1134 368; x_wconf 83' lang='grc' dir='ltr'>δημοσίῃ</span> <span class='ocrx_word' id='word_1_16' title='bbox 1173 314 1237 348; x_wconf 94' lang='grc' dir='ltr'>τε</span> <span class='ocrx_word' id='word_1_17' title='bbox 1276 288 1490 366; x_wconf 80' lang='grc' dir='ltr'>ἔθαψαν</span> <span class='ocrx_word' id='word_1_18' title='bbox 1529 287 1697 349; x_wconf 71' lang='grc' dir='ltr'>αὐτοῦ</span> <span class='ocrx_word' id='word_1_19' title='bbox 1726 292 1905 367; x_wconf 76' lang='grc' dir='ltr'>τῇπερ</span> 
     </span>
     <span class='ocr_line' id='line_1_5' title="bbox 302 373 1239 455; baseline 0.001 -24"><span class='ocrx_word' id='word_1_20' title='bbox 302 374 486 443; x_wconf 78' lang='grc' dir='ltr'>ἔπεσε,</span> <span class='ocrx_word' id='word_1_21' title='bbox 516 375 608 433; x_wconf 85' lang='grc' dir='ltr'>καὶ</span> <span class='ocrx_word' id='word_1_22' title='bbox 637 376 905 451; x_wconf 80' lang='grc' dir='ltr'>ἐτίμησαν</span> <span class='ocrx_word' id='word_1_23' title='bbox 930 373 1239 455; x_wconf 76' lang='grc' dir='ltr'>μεγάλως.”</span> 
     </span>
    </p>

    <p class='ocr_par' dir='ltr' id='par_1_3' title="bbox 295 458 1911 2960">
     <span class='ocr_line' id='line_1_6' title="bbox 381 458 1906 547; baseline 0.002 -28"><span class='ocrx_word' id='word_1_24' title='bbox 381 458 480 523; x_wconf 71' lang='grc' dir='ltr'>Ὣς</span> <span class='ocrx_word' id='word_1_25' title='bbox 506 460 566 521; x_wconf 78' lang='grc' dir='ltr'>δὲ</span> <span class='ocrx_word' id='word_1_26' title='bbox 595 461 668 521; x_wconf 76' lang='grc' dir='ltr'>τα</span> <span class='ocrx_word' id='word_1_27' title='bbox 699 461 839 521; x_wconf 75' lang='grc' dir='ltr'>κατὰ</span> <span class='ocrx_word' id='word_1_28' title='bbox 863 462 962 521; x_wconf 71' lang='grc' dir='ltr'>τὸν</span> <span class='ocrx_word' id='word_1_29' title='bbox 986 462 1207 547; x_wconf 82' lang='grc' dir='ltr'>Τέλλον</span> <span class='ocrx_word' id='word_1_30' title='bbox 1230 462 1613 540; x_wconf 81' lang='grc' dir='ltr'>προετρέψατο</span> <span class='ocrx_word' id='word_1_31' title='bbox 1643 460 1677 521; x_wconf 81' lang='grc' dir='ltr'><em>ὅ</em></span> <span class='ocrx_word' id='word_1_32' title='bbox 1710 461 1906 527; x_wconf 77' lang='grc' dir='ltr'>Σόλων</span> 
     </span>
     <span class='ocr_line' id='line_1_7' title="bbox 299 545 1905 626; baseline 0.002 -21"><span class='ocrx_word' id='word_1_33' title='bbox 299 545 399 605; x_wconf 75' lang='grc' dir='ltr'>τὸν</span> <span class='ocrx_word' id='word_1_34' title='bbox 419 550 671 623; x_wconf 82' lang='grc' dir='ltr'>Κροῖσον</span> <span class='ocrx_word' id='word_1_35' title='bbox 690 548 846 611; x_wconf 85' lang='grc' dir='ltr'>εἴπας</span> <span class='ocrx_word' id='word_1_36' title='bbox 865 546 1060 607; x_wconf 83' lang='grc' dir='ltr'>πολλά</span> <span class='ocrx_word' id='word_1_37' title='bbox 1082 572 1147 607; x_wconf 89' lang='grc' dir='ltr'>τε</span> <span class='ocrx_word' id='word_1_38' title='bbox 1167 548 1259 607; x_wconf 82' lang='grc' dir='ltr'>καὶ</span> <span class='ocrx_word' id='word_1_39' title='bbox 1279 546 1523 625; x_wconf 83' lang='grc' dir='ltr'>ὅλβια,’</span> <span class='ocrx_word' id='word_1_40' title='bbox 1496 548 1763 626; x_wconf 81' lang='grc' dir='ltr'>επειρῶτα</span> <span class='ocrx_word' id='word_1_41' title='bbox 1780 550 1905 609; x_wconf 88' lang='grc' dir='ltr'>τίνα</span> 
     </span>
     <span class='ocr_line' id='line_1_8' title="bbox 301 632 1901 715; baseline 0.003 -24"><span class='ocrx_word' id='word_1_42' title='bbox 301 632 552 711; x_wconf 75' lang='grc' dir='ltr'>δεύτερον</span> <span class='ocrx_word' id='word_1_43' title='bbox 588 633 709 711; x_wconf 80' lang='grc' dir='ltr'>μετ’</span> <span class='ocrx_word' id='word_1_44' title='bbox 745 638 949 694; x_wconf 80' lang='grc' dir='ltr'>ἐκεῖνον</span> <span class='ocrx_word' id='word_1_45' title='bbox 987 634 1147 704; x_wconf 71' lang='grc' dir='ltr'>ἴδοις</span> <span class='ocrx_word' id='word_1_46' title='bbox 1164 634 1367 694; x_wconf 85' lang='grc' dir='ltr'>δοκέων</span> <span class='ocrx_word' id='word_1_47' title='bbox 1403 634 1595 715; x_wconf 82' lang='grc' dir='ltr'>πάγχυ</span> <span class='ocrx_word' id='word_1_48' title='bbox 1630 634 1901 711; x_wconf 79' lang='grc' dir='ltr'>δευτερεῖα</span> 
     </span>
     <span class='ocr_line' id='line_1_9' title="bbox 299 717 1904 799; baseline 0.001 -21"><span class='ocrx_word' id='word_1_49' title='bbox 299 722 416 799; x_wconf 85' lang='grc' dir='ltr'>γῶν</span> <span class='ocrx_word' id='word_1_50' title='bbox 449 719 797 790; x_wconf 69' lang='grc' dir='ltr'>οἶσεσθαι,“</span> <span class='ocrx_word' id='word_1_51' title='bbox 763 747 796 780; x_wconf 94' lang='grc' dir='ltr'>ο</span> <span class='ocrx_word' id='word_1_52' title='bbox 831 720 890 780; x_wconf 90' lang='grc' dir='ltr'>δε</span> <span class='ocrx_word' id='word_1_53' title='bbox 925 719 1065 780; x_wconf 75' lang='grc' dir='ltr'>εἶπε·</span> <span class='ocrx_word' id='word_1_54' title='bbox 1107 721 1410 797; x_wconf 53' lang='grc' dir='ltr'>’(Κλέοβίν</span> <span class='ocrx_word' id='word_1_55' title='bbox 1439 746 1503 781; x_wconf 90' lang='grc' dir='ltr'>τε</span> <span class='ocrx_word' id='word_1_56' title='bbox 1538 721 1630 780; x_wconf 86' lang='grc' dir='ltr'>καὶ</span> <span class='ocrx_word' id='word_1_57' title='bbox 1665 717 1904 781; x_wconf 81' lang='grc' dir='ltr'>Βίτωνα·</span> 
     </span>
     <span class='ocr_line' id='line_1_10' title="bbox 297 804 1908 893; baseline 0.001 -28"><span class='ocrx_word' id='word_1_58' title='bbox 297 804 548 866; x_wconf 79' lang='grc' dir='ltr'>τούτοισι</span> <span class='ocrx_word' id='word_1_59' title='bbox 572 807 698 887; x_wconf 83' lang='grc' dir='ltr'>γοὶρ,</span> <span class='ocrx_word' id='word_1_60' title='bbox 728 811 883 866; x_wconf 79' lang='grc' dir='ltr'>ἐοῦσι</span> <span class='ocrx_word' id='word_1_61' title='bbox 913 807 1074 888; x_wconf 87' lang='grc' dir='ltr'>γένος</span> <span class='ocrx_word' id='word_1_62' title='bbox 1097 805 1421 887; x_wconf 82' lang='grc' dir='ltr'>Ἀργείοισι,</span> <span class='ocrx_word' id='word_1_63' title='bbox 1447 807 1579 881; x_wconf 86' lang='grc' dir='ltr'>βίος</span> <span class='ocrx_word' id='word_1_64' title='bbox 1601 832 1667 867; x_wconf 91' lang='grc' dir='ltr'>τε</span> <span class='ocrx_word' id='word_1_65' title='bbox 1695 805 1908 893; x_wconf 83' lang='grc' dir='ltr'>οἷρκέων</span> 
     </span>
     <span class='ocr_line' id='line_1_11' title="bbox 298 875 1903 972; baseline 0 -19"><span class='ocrx_word' id='word_1_66' title='bbox 298 890 447 968; x_wconf 77' lang='grc' dir='ltr'>ὖπῆν</span> <span class='ocrx_word' id='word_1_67' title='bbox 481 893 575 952; x_wconf 81' lang='grc' dir='ltr'>καὶ</span> <span class='ocrx_word' id='word_1_68' title='bbox 608 893 749 970; x_wconf 81' lang='grc' dir='ltr'>πρὸς</span> <span class='ocrx_word' id='word_1_69' title='bbox 779 892 954 972; x_wconf 79' lang='grc' dir='ltr'>τούτω</span> <span class='ocrx_word' id='word_1_70' title='bbox 985 892 1144 971; x_wconf 80' lang='grc' dir='ltr'>ῥώμη</span> <span class='ocrx_word' id='word_1_71' title='bbox 1171 892 1429 970; x_wconf 77' lang='grc' dir='ltr'>σώματος</span> <span class='ocrx_word' id='word_1_72' title='bbox 1457 892 1662 968; x_wconf 84' lang='grc' dir='ltr'>τοιήδε·</span> <span class='ocrx_word' id='word_1_73' title='bbox 1704 875 1903 953; x_wconf 77' lang='grc' dir='ltr'>ἀεθλο-</span> 
     </span>
     <span class='ocr_line' id='line_1_12' title="bbox 301 978 1904 1060; baseline 0.002 -22"><span class='ocrx_word' id='word_1_74' title='bbox 301 979 473 1056; x_wconf 84' lang='grc' dir='ltr'>φόροι</span> <span class='ocrx_word' id='word_1_75' title='bbox 503 1006 568 1040; x_wconf 90' lang='grc' dir='ltr'>τε</span> <span class='ocrx_word' id='word_1_76' title='bbox 593 978 962 1057; x_wconf 70' lang='grc' dir='ltr'>αμφότεροι“</span> <span class='ocrx_word' id='word_1_77' title='bbox 930 981 1129 1056; x_wconf 90' lang='grc' dir='ltr'>ομοίως</span> <span class='ocrx_word' id='word_1_78' title='bbox 1155 979 1319 1055; x_wconf 86' lang='grc' dir='ltr'>ἦσαν,</span> <span class='ocrx_word' id='word_1_79' title='bbox 1347 980 1440 1038; x_wconf 82' lang='grc' dir='ltr'>καὶ</span> <span class='ocrx_word' id='word_1_80' title='bbox 1465 979 1534 1054; x_wconf 86' lang='grc' dir='ltr'>δη</span> <span class='ocrx_word' id='word_1_81' title='bbox 1562 979 1655 1038; x_wconf 81' lang='grc' dir='ltr'>καὶ</span> <span class='ocrx_word' id='word_1_82' title='bbox 1676 979 1904 1060; x_wconf 87' lang='grc' dir='ltr'>λέγεται</span> 
     </span>
     <span class='ocr_line' id='line_1_13' title="bbox 301 1063 1899 1148; baseline 0.001 -23"><span class='ocrx_word' id='word_1_83' title='bbox 301 1064 451 1125; x_wconf 84' lang='grc' dir='ltr'>ὅδε</span> <span class='ocrx_word' id='word_1_84' title='bbox 418 1093 449 1126; x_wconf 94' lang='grc' dir='ltr'>ο</span> <span class='ocrx_word' id='word_1_85' title='bbox 475 1064 666 1148; x_wconf 83' lang='grc' dir='ltr'>λόγος·</span> <span class='ocrx_word' id='word_1_86' title='bbox 711 1066 908 1143; x_wconf 83' lang='grc' dir='ltr'>ἐούσης</span> <span class='ocrx_word' id='word_1_87' title='bbox 934 1065 1102 1145; x_wconf 84' lang='grc' dir='ltr'>ορτῆς</span> <span class='ocrx_word' id='word_1_88' title='bbox 1123 1070 1197 1145; x_wconf 82' lang='grc' dir='ltr'>τῇ</span> <span class='ocrx_word' id='word_1_89' title='bbox 1219 1064 1374 1144; x_wconf 86' lang='grc' dir='ltr'>Ηρῃ</span> <span class='ocrx_word' id='word_1_90' title='bbox 1398 1068 1551 1125; x_wconf 81' lang='grc' dir='ltr'>τοῖσι</span> <span class='ocrx_word' id='word_1_91' title='bbox 1575 1063 1899 1145; x_wconf 87' lang='grc' dir='ltr'>Ἀργείοισι,</span> 
     </span>
     <span class='ocr_line' id='line_1_14' title="bbox 301 1152 1903 1233; baseline 0 -22"><span class='ocrx_word' id='word_1_92' title='bbox 301 1152 452 1212; x_wconf 83' lang='grc' dir='ltr'>ἔδεε</span> <span class='ocrx_word' id='word_1_93' title='bbox 437 1152 656 1217; x_wconf 77' lang='grc' dir='ltr'>πάντως</span> <span class='ocrx_word' id='word_1_94' title='bbox 685 1153 805 1229; x_wconf 76' lang='grc' dir='ltr'>τὴν</span> <span class='ocrx_word' id='word_1_95' title='bbox 813 1154 1028 1231; x_wconf 88' lang='grc' dir='ltr'>μητέρα</span> <span class='ocrx_word' id='word_1_96' title='bbox 1063 1152 1241 1213; x_wconf 71' lang='grc' dir='ltr'>αὐτῶν</span> <span class='ocrx_word' id='word_1_97' title='bbox 1272 1152 1451 1233; x_wconf 74' lang='grc' dir='ltr'>ζεύγεϊ</span> <span class='ocrx_word' id='word_1_98' title='bbox 1480 1152 1815 1229; x_wconf 83' lang='grc' dir='ltr'>κομισθῆναι</span> <span class='ocrx_word' id='word_1_99' title='bbox 1846 1157 1903 1217; x_wconf 77' lang='grc' dir='ltr'>ἐς</span> 
     </span>
     <span class='ocr_line' id='line_1_15' title="bbox 301 1238 1901 1319; baseline 0 -20"><span class='ocrx_word' id='word_1_100' title='bbox 301 1239 368 1301; x_wconf 81' lang='grc' dir='ltr'><em>τό</em></span> <span class='ocrx_word' id='word_1_101' title='bbox 394 1239 529 1315; x_wconf 80' lang='grc' dir='ltr'>ἱρόν·</span> <span class='ocrx_word' id='word_1_102' title='bbox 572 1243 626 1299; x_wconf 80' lang='grc' dir='ltr'>οἱ</span> <span class='ocrx_word' id='word_1_103' title='bbox 652 1240 713 1298; x_wconf 87' lang='grc' dir='ltr'>δέ</span> <span class='ocrx_word' id='word_1_104' title='bbox 738 1247 853 1315; x_wconf 89' lang='grc' dir='ltr'>σφι</span> <span class='ocrx_word' id='word_1_105' title='bbox 875 1240 1064 1316; x_wconf 83' lang='grc' dir='ltr'>βόες’</span> <span class='ocrx_word' id='word_1_106' title='bbox 1038 1265 1099 1298; x_wconf 92' lang='grc' dir='ltr'>εκ</span> <span class='ocrx_word' id='word_1_107' title='bbox 1123 1244 1224 1299; x_wconf 79' lang='grc' dir='ltr'>τοῦ</span> <span class='ocrx_word' id='word_1_108' title='bbox 1250 1238 1424 1319; x_wconf 74' lang='grc' dir='ltr'>οἶγροΰ</span> <span class='ocrx_word' id='word_1_109' title='bbox 1451 1238 1515 1299; x_wconf 78' lang='grc' dir='ltr'>οὗ</span> <span class='ocrx_word' id='word_1_110' title='bbox 1539 1239 1901 1319; x_wconf 83' lang='grc' dir='ltr'>παρεγίνοντο</span> 
     </span>
     <span class='ocr_line' id='line_1_16' title="bbox 300 1324 1901 1404; baseline 0.003 -22"><span class='ocrx_word' id='word_1_111' title='bbox 300 1328 360 1383; x_wconf 82' lang='grc' dir='ltr'>ε’-ν</span> <span class='ocrx_word' id='word_1_112' title='bbox 385 1325 516 1403; x_wconf 82' lang='grc' dir='ltr'>ὥρῃ·</span> <span class='ocrx_word' id='word_1_113' title='bbox 551 1325 932 1402; x_wconf 78' lang='grc' dir='ltr'>ἐκκληιόμενοι</span> <span class='ocrx_word' id='word_1_114' title='bbox 957 1325 1018 1386; x_wconf 81' lang='grc' dir='ltr'>δὲ</span> <span class='ocrx_word' id='word_1_115' title='bbox 1039 1330 1111 1403; x_wconf 79' lang='grc' dir='ltr'>τῇ</span> <span class='ocrx_word' id='word_1_116' title='bbox 1141 1325 1251 1404; x_wconf 81' lang='grc' dir='ltr'>ὥρῃ</span> <span class='ocrx_word' id='word_1_117' title='bbox 1279 1329 1333 1384; x_wconf 79' lang='grc' dir='ltr'>οἱ</span> <span class='ocrx_word' id='word_1_118' title='bbox 1358 1326 1581 1400; x_wconf 83' lang='grc' dir='ltr'>νεηνίαι,</span> <span class='ocrx_word' id='word_1_119' title='bbox 1606 1324 1901 1390; x_wconf 75' lang='grc' dir='ltr'>ὕποδύντες</span> 
     </span>
     <span class='ocr_line' id='line_1_17' title="bbox 299 1409 1901 1491; baseline 0 -22"><span class='ocrx_word' id='word_1_120' title='bbox 299 1409 456 1470; x_wconf 74' lang='grc' dir='ltr'>αὐτοὶ</span> <span class='ocrx_word' id='word_1_121' title='bbox 489 1409 600 1470; x_wconf 78' lang='grc' dir='ltr'>ὖπό</span> <span class='ocrx_word' id='word_1_122' title='bbox 638 1436 742 1485; x_wconf 84' lang='grc' dir='ltr'>την</span> <span class='ocrx_word' id='word_1_123' title='bbox 779 1409 1016 1491; x_wconf 76' lang='grc' dir='ltr'>ζεύγλην</span> <span class='ocrx_word' id='word_1_124' title='bbox 1048 1410 1235 1471; x_wconf 80' lang='grc' dir='ltr'>εἷλκον</span> <span class='ocrx_word' id='word_1_125' title='bbox 1264 1410 1370 1485; x_wconf 71' lang='grc' dir='ltr'>τὴν</span> <span class='ocrx_word' id='word_1_126' title='bbox 1402 1411 1638 1487; x_wconf 77' lang='grc' dir='ltr'>ἅμαξαν,</span> <span class='ocrx_word' id='word_1_127' title='bbox 1670 1412 1763 1471; x_wconf 86' lang='grc' dir='ltr'>ε’πὶ</span> <span class='ocrx_word' id='word_1_128' title='bbox 1799 1416 1901 1488; x_wconf 80' lang='grc' dir='ltr'>τῆς</span> 
     </span>
     <span class='ocr_line' id='line_1_18' title="bbox 299 1495 1901 1576; baseline 0.001 -21"><span class='ocrx_word' id='word_1_129' title='bbox 299 1495 515 1573; x_wconf 69' lang='grc' dir='ltr'>ἁμάξης</span> <span class='ocrx_word' id='word_1_130' title='bbox 540 1496 605 1556; x_wconf 89' lang='grc' dir='ltr'>δέ</span> <span class='ocrx_word' id='word_1_131' title='bbox 620 1496 784 1573; x_wconf 90' lang='grc' dir='ltr'>σφι’</span> <span class='ocrx_word' id='word_1_132' title='bbox 753 1497 946 1576; x_wconf 88' lang='grc' dir='ltr'>οχέετο</span> <span class='ocrx_word' id='word_1_133' title='bbox 964 1496 1002 1572; x_wconf 79' lang='grc' dir='ltr'><em>ἦ</em></span> <span class='ocrx_word' id='word_1_134' title='bbox 1027 1495 1230 1574; x_wconf 84' lang='grc' dir='ltr'>μήτηρ·</span> <span class='ocrx_word' id='word_1_135' title='bbox 1264 1496 1523 1560; x_wconf 81' lang='grc' dir='ltr'>σταδίους</span> <span class='ocrx_word' id='word_1_136' title='bbox 1542 1496 1601 1555; x_wconf 87' lang='grc' dir='ltr'>δε</span> <span class='ocrx_word' id='word_1_137' title='bbox 1624 1497 1791 1556; x_wconf 80' lang='grc' dir='ltr'>πέντε</span> <span class='ocrx_word' id='word_1_138' title='bbox 1808 1498 1901 1557; x_wconf 83' lang='grc' dir='ltr'>καὶ</span> 
     </span>
     <span class='ocr_line' id='line_1_19' title="bbox 296 1582 1899 1661; baseline -0.001 -19"><span class='ocrx_word' id='word_1_139' title='bbox 296 1582 713 1661; x_wconf 82' lang='grc' dir='ltr'>τεσσεράκοντα</span> <span class='ocrx_word' id='word_1_140' title='bbox 758 1583 1178 1660; x_wconf 84' lang='grc' dir='ltr'>διακομίσαντες</span> <span class='ocrx_word' id='word_1_141' title='bbox 1221 1582 1485 1643; x_wconf 78' lang='grc' dir='ltr'>ἀπίκοντο</span> <span class='ocrx_word' id='word_1_142' title='bbox 1536 1588 1593 1647; x_wconf 76' lang='grc' dir='ltr'>ἐς</span> <span class='ocrx_word' id='word_1_143' title='bbox 1641 1607 1709 1645; x_wconf 82' lang='grc' dir='ltr'>το</span> <span class='ocrx_word' id='word_1_144' title='bbox 1762 1582 1899 1661; x_wconf 75' lang='grc' dir='ltr'>ἱρόν·</span> 
     </span>
     <span class='ocr_line' id='line_1_20' title="bbox 297 1654 1899 1751; baseline -0.002 -21"><span class='ocrx_word' id='word_1_145' title='bbox 297 1674 480 1741; x_wconf 72' lang='grc' dir='ltr'>ταῦτα</span> <span class='ocrx_word' id='word_1_146' title='bbox 497 1671 560 1730; x_wconf 91' lang='grc' dir='ltr'>δέ</span> <span class='ocrx_word' id='word_1_147' title='bbox 583 1678 696 1748; x_wconf 87' lang='grc' dir='ltr'>σφι</span> <span class='ocrx_word' id='word_1_148' title='bbox 719 1670 999 1746; x_wconf 87' lang='grc' dir='ltr'>ποιήσασι</span> <span class='ocrx_word' id='word_1_149' title='bbox 1026 1670 1118 1728; x_wconf 82' lang='grc' dir='ltr'>καὶ</span> <span class='ocrx_word' id='word_1_150' title='bbox 1143 1668 1432 1745; x_wconf 68' lang='grc' dir='ltr'>ὄφθεῖσι“</span> <span class='ocrx_word' id='word_1_151' title='bbox 1397 1695 1533 1729; x_wconf 83' lang='grc' dir='ltr'>υπο-</span> <span class='ocrx_word' id='word_1_152' title='bbox 1525 1673 1635 1745; x_wconf 86' lang='grc' dir='ltr'>-τῆς</span> <span class='ocrx_word' id='word_1_153' title='bbox 1656 1654 1899 1751; x_wconf 50' lang='grc' dir='ltr'>πανηγύ-</span> 
     </span>
     <span class='ocr_line' id='line_1_21' title="bbox 296 1756 1899 1838; baseline 0.002 -22"><span class='ocrx_word' id='word_1_154' title='bbox 296 1782 418 1834; x_wconf 87' lang='grc' dir='ltr'>ριος</span> <span class='ocrx_word' id='word_1_155' title='bbox 438 1758 668 1833; x_wconf 71' lang='grc' dir='ltr'>τελευτὴ</span> <span class='ocrx_word' id='word_1_156' title='bbox 695 1761 793 1817; x_wconf 83' lang='grc' dir='ltr'>τοῦ</span> <span class='ocrx_word' id='word_1_157' title='bbox 818 1756 1014 1833; x_wconf 81' lang='grc' dir='ltr'>βίου’</span> <span class='ocrx_word' id='word_1_158' title='bbox 979 1757 1183 1833; x_wconf 81' lang='grc' dir='ltr'>αρίστη</span> <span class='ocrx_word' id='word_1_159' title='bbox 1204 1756 1507 1838; x_wconf 78' lang='grc' dir='ltr'>ἐπεγένετο·</span> <span class='ocrx_word' id='word_1_160' title='bbox 1535 1756 1739 1825; x_wconf 80' lang='grc' dir='ltr'>διέδεξέ</span> <span class='ocrx_word' id='word_1_161' title='bbox 1759 1782 1821 1816; x_wconf 89' lang='grc' dir='ltr'>τε</span> <span class='ocrx_word' id='word_1_162' title='bbox 1840 1763 1899 1819; x_wconf 77' lang='grc' dir='ltr'>ἐν</span> 
     </span>
     <span class='ocr_line' id='line_1_22' title="bbox 297 1841 1899 1921; baseline 0 -18"><span class='ocrx_word' id='word_1_163' title='bbox 297 1843 549 1904; x_wconf 79' lang='grc' dir='ltr'>τούτοισι</span> <span class='ocrx_word' id='word_1_164' title='bbox 587 1844 620 1904; x_wconf 82' lang='grc' dir='ltr'>ὅ</span> <span class='ocrx_word' id='word_1_165' title='bbox 662 1842 912 1914; x_wconf 78' lang='grc' dir='ltr'>θεός,ὦς</span> <span class='ocrx_word' id='word_1_166' title='bbox 839 1841 1174 1919; x_wconf 59' lang='grc' dir='ltr'>(ιεᾶμεινον</span> <span class='ocrx_word' id='word_1_167' title='bbox 1214 1844 1298 1918; x_wconf 83' lang='grc' dir='ltr'>εἴη</span> <span class='ocrx_word' id='word_1_168' title='bbox 1338 1842 1607 1921; x_wconf 75' lang='grc' dir='ltr'>ἇνθρῶπῳ</span> <span class='ocrx_word' id='word_1_169' title='bbox 1643 1843 1899 1904; x_wconf 79' lang='grc' dir='ltr'>τεθνάναι</span> 
     </span>
     <span class='ocr_line' id='line_1_23' title="bbox 298 1928 1898 2010; baseline -0.001 -20"><span class='ocrx_word' id='word_1_170' title='bbox 298 1930 577 2007; x_wconf 67' lang='grc' dir='ltr'>μᾶλλον*</span> <span class='ocrx_word' id='word_1_171' title='bbox 542 1958 579 2007; x_wconf 92' lang='grc' dir='ltr'>η</span> <span class='ocrx_word' id='word_1_172' title='bbox 605 1928 777 2002; x_wconf 83' lang='grc' dir='ltr'>ζωειν·</span> <span class='ocrx_word' id='word_1_173' title='bbox 799 1929 1047 2007; x_wconf 81' lang='grc' dir='ltr'>Ἀργεῖοι</span> <span class='ocrx_word' id='word_1_174' title='bbox 1070 1932 1175 2006; x_wconf 83' lang='grc' dir='ltr'>μὲν</span> <span class='ocrx_word' id='word_1_175' title='bbox 1191 1954 1301 2010; x_wconf 90' lang='grc' dir='ltr'>γαρ</span> <span class='ocrx_word' id='word_1_176' title='bbox 1319 1928 1678 2006; x_wconf 74' lang='grc' dir='ltr'>περιστάντες</span> <span class='ocrx_word' id='word_1_177' title='bbox 1698 1930 1898 2006; x_wconf 79' lang='grc' dir='ltr'>ἐμακά-</span> 
     </span>
     <span class='ocr_line' id='line_1_24' title="bbox 295 2015 1899 2096; baseline 0.001 -19"><span class='ocrx_word' id='word_1_178' title='bbox 295 2018 449 2094; x_wconf 83' lang='grc' dir='ltr'>ριζον</span> <span class='ocrx_word' id='word_1_179' title='bbox 485 2021 596 2078; x_wconf 78' lang='grc' dir='ltr'>τῶν</span> <span class='ocrx_word' id='word_1_180' title='bbox 633 2017 886 2093; x_wconf 82' lang='grc' dir='ltr'>νεηνιέων</span> <span class='ocrx_word' id='word_1_181' title='bbox 922 2015 1026 2092; x_wconf 79' lang='grc' dir='ltr'>τὴν</span> <span class='ocrx_word' id='word_1_182' title='bbox 1063 2015 1271 2092; x_wconf 78' lang='grc' dir='ltr'>ῥώμην·</span> <span class='ocrx_word' id='word_1_183' title='bbox 1314 2020 1373 2076; x_wconf 81' lang='grc' dir='ltr'>αἱ</span> <span class='ocrx_word' id='word_1_184' title='bbox 1412 2017 1471 2076; x_wconf 75' lang='grc' dir='ltr'>δὲ</span> <span class='ocrx_word' id='word_1_185' title='bbox 1509 2015 1758 2096; x_wconf 81' lang='grc' dir='ltr'>Ἀργεῖαι</span> <span class='ocrx_word' id='word_1_186' title='bbox 1793 2016 1899 2092; x_wconf 84' lang='grc' dir='ltr'>τήν</span> 
     </span>
     <span class='ocr_line' id='line_1_25' title="bbox 296 2100 1898 2183; baseline -0.001 -19"><span class='ocrx_word' id='word_1_187' title='bbox 296 2106 511 2183; x_wconf 88' lang='grc' dir='ltr'>μητέρα</span> <span class='ocrx_word' id='word_1_188' title='bbox 555 2102 750 2174; x_wconf 73' lang='grc' dir='ltr'>αὐτῶν,</span> <span class='ocrx_word' id='word_1_189' title='bbox 798 2104 927 2165; x_wconf 78' lang='grc' dir='ltr'>οἴων</span> <span class='ocrx_word' id='word_1_190' title='bbox 970 2103 1174 2163; x_wconf 85' lang='grc' dir='ltr'>τέκνων</span> <span class='ocrx_word' id='word_1_191' title='bbox 1219 2100 1471 2180; x_wconf 80' lang='grc' dir='ltr'>ἐκύρησε·</span> <span class='ocrx_word' id='word_1_192' title='bbox 1522 2102 1561 2179; x_wconf 85' lang='grc' dir='ltr'><em>ἦ</em></span> <span class='ocrx_word' id='word_1_193' title='bbox 1608 2104 1669 2163; x_wconf 78' lang='grc' dir='ltr'>δὲ</span> <span class='ocrx_word' id='word_1_194' title='bbox 1709 2101 1898 2180; x_wconf 83' lang='grc' dir='ltr'>μήτηρ</span> 
     </span>
     <span class='ocr_line' id='line_1_26' title="bbox 297 2189 1896 2270; baseline 0.001 -21"><span class='ocrx_word' id='word_1_195' title='bbox 297 2191 601 2269; x_wconf 80' lang='grc' dir='ltr'>περιχαρὴς</span> <span class='ocrx_word' id='word_1_196' title='bbox 641 2195 814 2251; x_wconf 73' lang='grc' dir='ltr'>ἐοῦσα</span> <span class='ocrx_word' id='word_1_197' title='bbox 850 2194 929 2269; x_wconf 76' lang='grc' dir='ltr'>τῷ</span> <span class='ocrx_word' id='word_1_198' title='bbox 964 2215 1028 2250; x_wconf 84' lang='grc' dir='ltr'>τε</span> <span class='ocrx_word' id='word_1_199' title='bbox 1067 2191 1207 2270; x_wconf 83' lang='grc' dir='ltr'>ἔργῳ</span> <span class='ocrx_word' id='word_1_200' title='bbox 1246 2190 1341 2249; x_wconf 79' lang='grc' dir='ltr'>καὶ</span> <span class='ocrx_word' id='word_1_201' title='bbox 1377 2194 1451 2269; x_wconf 78' lang='grc' dir='ltr'>τῇ</span> <span class='ocrx_word' id='word_1_202' title='bbox 1491 2189 1671 2269; x_wconf 85' lang='grc' dir='ltr'>φήμῃ,</span> <span class='ocrx_word' id='word_1_203' title='bbox 1704 2195 1896 2251; x_wconf 77' lang='grc' dir='ltr'>στᾶσα</span> 
     </span>
     <span class='ocr_line' id='line_1_27' title="bbox 298 2275 1894 2356; baseline 0.001 -21"><span class='ocrx_word' id='word_1_204' title='bbox 298 2275 484 2336; x_wconf 86' lang='grc' dir='ltr'>α’,ντίον</span> <span class='ocrx_word' id='word_1_205' title='bbox 513 2281 613 2336; x_wconf 84' lang='grc' dir='ltr'>τοῦ</span> <span class='ocrx_word' id='word_1_206' title='bbox 645 2277 968 2356; x_wconf 76' lang='grc' dir='ltr'>ἀγάλματος</span> <span class='ocrx_word' id='word_1_207' title='bbox 999 2275 1191 2353; x_wconf 76' lang='grc' dir='ltr'>εὔχετο</span> <span class='ocrx_word' id='word_1_208' title='bbox 1224 2277 1458 2352; x_wconf 87' lang='grc' dir='ltr'>Κλέοβί</span> <span class='ocrx_word' id='word_1_209' title='bbox 1476 2302 1539 2337; x_wconf 90' lang='grc' dir='ltr'>τε</span> <span class='ocrx_word' id='word_1_210' title='bbox 1562 2279 1656 2336; x_wconf 85' lang='grc' dir='ltr'>καὶ</span> <span class='ocrx_word' id='word_1_211' title='bbox 1680 2278 1894 2349; x_wconf 85' lang='grc' dir='ltr'>Βίτωνι,</span> 
     </span>
     <span class='ocr_line' id='line_1_28' title="bbox 296 2362 1897 2442; baseline 0 -20"><span class='ocrx_word' id='word_1_212' title='bbox 296 2365 450 2422; x_wconf 84' lang='grc' dir='ltr'>τοῖσι</span> <span class='ocrx_word' id='word_1_213' title='bbox 475 2365 676 2436; x_wconf 80' lang='grc' dir='ltr'>ἑωυτῆς</span> <span class='ocrx_word' id='word_1_214' title='bbox 698 2363 960 2430; x_wconf 86' lang='grc' dir='ltr'>τέκνοισι,</span> <span class='ocrx_word' id='word_1_215' title='bbox 989 2362 1047 2419; x_wconf 83' lang='grc' dir='ltr'>οἵ</span> <span class='ocrx_word' id='word_1_216' title='bbox 1067 2385 1166 2436; x_wconf 88' lang='grc' dir='ltr'>μιν</span> <span class='ocrx_word' id='word_1_217' title='bbox 1186 2363 1457 2436; x_wconf 75' lang='grc' dir='ltr'>ἐτίμησαν</span> <span class='ocrx_word' id='word_1_218' title='bbox 1478 2362 1753 2442; x_wconf 85' lang='grc' dir='ltr'>μεγάλως,</span> <span class='ocrx_word' id='word_1_219' title='bbox 1774 2362 1897 2422; x_wconf 84' lang='grc' dir='ltr'>δοῦ-</span> 
     </span>
     <span class='ocr_line' id='line_1_29' title="bbox 298 2445 1897 2525; baseline 0.001 -17"><span class='ocrx_word' id='word_1_220' title='bbox 298 2474 388 2509; x_wconf 89' lang='grc' dir='ltr'>ναι</span> <span class='ocrx_word' id='word_1_221' title='bbox 417 2448 523 2523; x_wconf 84' lang='grc' dir='ltr'>τήν</span> <span class='ocrx_word' id='word_1_222' title='bbox 549 2447 678 2508; x_wconf 76' lang='grc' dir='ltr'>θεὸν</span> <span class='ocrx_word' id='word_1_223' title='bbox 706 2448 774 2507; x_wconf 79' lang='grc' dir='ltr'>τὰ</span> <span class='ocrx_word' id='word_1_224' title='bbox 805 2445 1072 2525; x_wconf 74' lang='grc' dir='ltr'>ἀνθρώπῳ</span> <span class='ocrx_word' id='word_1_225' title='bbox 1096 2450 1284 2524; x_wconf 85' lang='grc' dir='ltr'>τυχεῖν</span> <span class='ocrx_word' id='word_1_226' title='bbox 1314 2446 1546 2523; x_wconf 74' lang='grc' dir='ltr'>ἄριστόν</span> <span class='ocrx_word' id='word_1_227' title='bbox 1572 2453 1713 2508; x_wconf 88' lang='grc' dir='ltr'>ε’στι·</span> <span class='ocrx_word' id='word_1_228' title='bbox 1754 2449 1897 2525; x_wconf 73' lang='grc' dir='ltr'>μετὰ</span> 
     </span>
     <span class='ocr_line' id='line_1_30' title="bbox 296 2531 1894 2612; baseline 0 -17"><span class='ocrx_word' id='word_1_229' title='bbox 296 2533 502 2611; x_wconf 80' lang='grc' dir='ltr'>ταύτην</span> <span class='ocrx_word' id='word_1_230' title='bbox 527 2534 586 2593; x_wconf 77' lang='grc' dir='ltr'>δὲ</span> <span class='ocrx_word' id='word_1_231' title='bbox 614 2533 720 2610; x_wconf 77' lang='grc' dir='ltr'>τήν</span> <span class='ocrx_word' id='word_1_232' title='bbox 745 2532 928 2612; x_wconf 74' lang='grc' dir='ltr'>εὐχὴν,</span> <span class='ocrx_word' id='word_1_233' title='bbox 957 2532 1029 2596; x_wconf 76' lang='grc' dir='ltr'>ὥς</span> <span class='ocrx_word' id='word_1_234' title='bbox 1061 2531 1267 2593; x_wconf 75' lang='grc' dir='ltr'>ἔθυσάν</span> <span class='ocrx_word' id='word_1_235' title='bbox 1296 2557 1359 2591; x_wconf 91' lang='grc' dir='ltr'>τε</span> <span class='ocrx_word' id='word_1_236' title='bbox 1392 2534 1484 2591; x_wconf 85' lang='grc' dir='ltr'>καὶ</span> <span class='ocrx_word' id='word_1_237' title='bbox 1517 2532 1894 2611; x_wconf 74' lang='grc' dir='ltr'>εὐωχήθησαν,</span> 
     </span>
     <span class='ocr_line' id='line_1_31' title="bbox 299 2617 1897 2698; baseline 0 -18"><span class='ocrx_word' id='word_1_238' title='bbox 299 2621 790 2698; x_wconf 85' lang='grc' dir='ltr'>κατακοιμηθέντες</span> <span class='ocrx_word' id='word_1_239' title='bbox 830 2624 888 2679; x_wconf 90' lang='grc' dir='ltr'>ε’ν</span> <span class='ocrx_word' id='word_1_240' title='bbox 927 2617 1072 2698; x_wconf 74' lang='grc' dir='ltr'>αὐτῷ</span> <span class='ocrx_word' id='word_1_241' title='bbox 1113 2622 1193 2697; x_wconf 71' lang='grc' dir='ltr'>τῷ</span> <span class='ocrx_word' id='word_1_242' title='bbox 1232 2621 1328 2697; x_wconf 76' lang='grc' dir='ltr'>ἱρῷ</span> <span class='ocrx_word' id='word_1_243' title='bbox 1366 2620 1421 2678; x_wconf 81' lang='grc' dir='ltr'>οἱ</span> <span class='ocrx_word' id='word_1_244' title='bbox 1463 2619 1671 2695; x_wconf 83' lang='grc' dir='ltr'>νεηνίαι</span> <span class='ocrx_word' id='word_1_245' title='bbox 1716 2618 1897 2680; x_wconf 80' lang='grc' dir='ltr'>οὗκέτι</span> 
     </span>
     <span class='ocr_line' id='line_1_32' title="bbox 299 2703 1899 2786; baseline -0.001 -19"><span class='ocrx_word' id='word_1_246' title='bbox 299 2706 636 2784; x_wconf 71' lang='grc' dir='ltr'>ἀνέστησαν,</span> <span class='ocrx_word' id='word_1_247' title='bbox 663 2705 793 2765; x_wconf 75' lang='grc' dir='ltr'>ἀλλ’</span> <span class='ocrx_word' id='word_1_248' title='bbox 822 2711 881 2765; x_wconf 78' lang='grc' dir='ltr'>ἓν</span> <span class='ocrx_word' id='word_1_249' title='bbox 903 2705 1056 2765; x_wconf 88' lang='grc' dir='ltr'>τέλει</span> <span class='ocrx_word' id='word_1_250' title='bbox 1079 2704 1254 2783; x_wconf 79' lang='grc' dir='ltr'>τούτῳ</span> <span class='ocrx_word' id='word_1_251' title='bbox 1280 2706 1535 2783; x_wconf 85' lang='grc' dir='ltr'>ἔσχοντο·</span> <span class='ocrx_word' id='word_1_252' title='bbox 1566 2703 1811 2786; x_wconf 81' lang='grc' dir='ltr'>Ἀργεῖοι</span> <span class='ocrx_word' id='word_1_253' title='bbox 1835 2706 1899 2766; x_wconf 84' lang='grc' dir='ltr'>δέ</span> 
     </span>
     <span class='ocr_line' id='line_1_33' title="bbox 297 2790 1911 2869; baseline -0.001 -16"><span class='ocrx_word' id='word_1_254' title='bbox 297 2800 491 2869; x_wconf 87' lang='grc' dir='ltr'>σφεων</span> <span class='ocrx_word' id='word_1_255' title='bbox 517 2792 726 2856; x_wconf 77' lang='grc' dir='ltr'>εἰκόνας</span> <span class='ocrx_word' id='word_1_256' title='bbox 749 2791 1119 2869; x_wconf 81' lang='grc' dir='ltr'>ποιησάμενοι</span> <span class='ocrx_word' id='word_1_257' title='bbox 1146 2790 1416 2853; x_wconf 75' lang='grc' dir='ltr'>ἀνέθεσαν</span> <span class='ocrx_word' id='word_1_258' title='bbox 1440 2797 1496 2855; x_wconf 80' lang='grc' dir='ltr'>ἐς</span> <span class='ocrx_word' id='word_1_259' title='bbox 1522 2791 1802 2869; x_wconf 74' lang='grc' dir='ltr'>Δελφοῦς,</span> <span class='ocrx_word' id='word_1_260' title='bbox 1824 2792 1911 2857; x_wconf 82' lang='grc' dir='ltr'>ὦς-</span> 
     </span>
     <span class='ocr_line' id='line_1_34' title="bbox 297 2876 1151 2960; baseline -0.002 -20"><span class='ocrx_word' id='word_1_261' title='bbox 297 2879 506 2957; x_wconf 79' lang='grc' dir='ltr'>άνδρῶν</span> <span class='ocrx_word' id='word_1_262' title='bbox 529 2878 772 2956; x_wconf 83' lang='grc' dir='ltr'>α’,ρίστων</span> <span class='ocrx_word' id='word_1_263' title='bbox 792 2876 1151 2960; x_wconf 82' lang='grc' dir='ltr'>γενομένων.”</span> 
     </span>
    </p>
   </div>
   <div class='ocr_carea' id='block_1_3' title="bbox 208 2964 1893 3043">
    <p class='ocr_par' dir='ltr' id='par_1_4' title="bbox 208 2964 1893 3043">
     <span class='ocr_line' id='line_1_35' title="bbox 208 2964 1893 3043; baseline -0.003 -13"><span class='ocrx_word' id='word_1_264' title='bbox 208 2969 280 3030; x_wconf 81' lang='grc'>32</span> <span class='ocrx_word' id='word_1_265' title='bbox 380 2965 574 3031; x_wconf 79' lang='grc' dir='ltr'>Σόλων</span> <span class='ocrx_word' id='word_1_266' title='bbox 591 2969 694 3043; x_wconf 80' lang='grc' dir='ltr'>μὲν</span> <span class='ocrx_word' id='word_1_267' title='bbox 713 2965 780 3041; x_wconf 74' lang='grc' dir='ltr'>δή</span> <span class='ocrx_word' id='word_1_268' title='bbox 802 2964 1145 3043; x_wconf 71' lang='grc' dir='ltr'>εὐδαιμονίης</span> <span class='ocrx_word' id='word_1_269' title='bbox 1160 2964 1434 3043; x_wconf 82' lang='grc' dir='ltr'>δευτερεῖα</span> <span class='ocrx_word' id='word_1_270' title='bbox 1454 2966 1608 3042; x_wconf 82' lang='grc' dir='ltr'>ἔνεμε</span> <span class='ocrx_word' id='word_1_271' title='bbox 1624 2964 1893 3025; x_wconf 78' lang='grc' dir='ltr'>τούτοισι.</span> 
     </span>
    </p>
   </div>
   <div class='ocr_carea' id='block_1_4' title="bbox 293 3050 1893 3304">
    <p class='ocr_par' dir='ltr' id='par_1_5' title="bbox 293 3050 1893 3304">
     <span class='ocr_line' id='line_1_36' title="bbox 298 3050 1893 3131; baseline -0.003 -18"><span class='ocrx_word' id='word_1_272' title='bbox 298 3056 549 3131; x_wconf 82' lang='grc' dir='ltr'>Κροῖσος</span> <span class='ocrx_word' id='word_1_273' title='bbox 579 3053 638 3111; x_wconf 82' lang='grc' dir='ltr'>δὲ</span> <span class='ocrx_word' id='word_1_274' title='bbox 670 3053 969 3131; x_wconf 84' lang='grc' dir='ltr'>σπερχθεὶς</span> <span class='ocrx_word' id='word_1_275' title='bbox 1001 3052 1139 3112; x_wconf 79' lang='grc' dir='ltr'>εἷπε·</span> <span class='ocrx_word' id='word_1_276' title='bbox 1182 3050 1268 3111; x_wconf 60' lang='grc' dir='ltr'>’ίῶ</span> <span class='ocrx_word' id='word_1_277' title='bbox 1300 3052 1438 3122; x_wconf 77' lang='grc' dir='ltr'>ξεῖνε</span> <span class='ocrx_word' id='word_1_278' title='bbox 1462 3052 1739 3127; x_wconf 80' lang='grc' dir='ltr'>Ἀθηναῖε,</span> <span class='ocrx_word' id='word_1_279' title='bbox 1763 3050 1803 3127; x_wconf 83' lang='grc' dir='ltr'><strong><em>ἦ</em></strong></span> <span class='ocrx_word' id='word_1_280' title='bbox 1834 3051 1893 3110; x_wconf 79' lang='grc' dir='ltr'>δὲ</span> 
     </span>
     <span class='ocr_line' id='line_1_37' title="bbox 293 3136 1891 3218; baseline -0.003 -18"><span class='ocrx_word' id='word_1_281' title='bbox 293 3137 536 3218; x_wconf 79' lang='grc' dir='ltr'>ἡμετέρη</span> <span class='ocrx_word' id='word_1_282' title='bbox 562 3136 874 3215; x_wconf 78' lang='grc' dir='ltr'>εὐδαιμονίη</span> <span class='ocrx_word' id='word_1_283' title='bbox 901 3138 1040 3199; x_wconf 79' lang='grc' dir='ltr'>οὕτω</span> <span class='ocrx_word' id='word_1_284' title='bbox 1062 3164 1153 3199; x_wconf 85' lang='grc' dir='ltr'>τοι</span> <span class='ocrx_word' id='word_1_285' title='bbox 1176 3137 1506 3217; x_wconf 73' lang='grc' dir='ltr'>ἀπέρριπται</span> <span class='ocrx_word' id='word_1_286' title='bbox 1530 3144 1585 3202; x_wconf 76' lang='grc' dir='ltr'>ἐς</span> <span class='ocrx_word' id='word_1_287' title='bbox 1613 3137 1682 3198; x_wconf 78' lang='grc' dir='ltr'>τὰ</span> <span class='ocrx_word' id='word_1_288' title='bbox 1704 3138 1891 3214; x_wconf 82' lang='grc' dir='ltr'>μηδὲν,</span> 
     </span>
     <span class='ocr_line' id='line_1_38' title="bbox 295 3220 1893 3304; baseline -0.001 -17"><span class='ocrx_word' id='word_1_289' title='bbox 295 3223 443 3287; x_wconf 75' lang='grc' dir='ltr'>ὥστε</span> <span class='ocrx_word' id='word_1_290' title='bbox 473 3226 598 3287; x_wconf 74' lang='grc' dir='ltr'>οὐδὲ</span> <span class='ocrx_word' id='word_1_291' title='bbox 630 3225 878 3285; x_wconf 74' lang='grc' dir='ltr'>ἰδιωτέων</span> <span class='ocrx_word' id='word_1_292' title='bbox 911 3223 1121 3302; x_wconf 72' lang='grc' dir='ltr'>ἀνδρῶν</span> <span class='ocrx_word' id='word_1_293' title='bbox 1152 3224 1337 3295; x_wconf 74' lang='grc' dir='ltr'>ἀξίους</span> <span class='ocrx_word' id='word_1_294' title='bbox 1358 3225 1535 3304; x_wconf 77' lang='grc' dir='ltr'>ἡμέας</span> <span class='ocrx_word' id='word_1_295' title='bbox 1565 3220 1893 3299; x_wconf 78' lang='grc' dir='ltr'>ἑποίησας;”</span> 
     </span>
    </p>
   </div>
  </div>
 </body>
</html>
