2267 3517
308 158 405 208 132
904 152 1276 203 ‘mom-1⁸01·
1805 151 1911 220 [11.

300 233 523 317 γυναικὶ
554 229 760 312 τράγος
791 230 1057 311 ἐμίσγετο
1093 228 1434 305 ἀναφανδόν.
1498 232 1668 293 τοῦτο
1703 234 1762 295 ἐς
1797 231 1913 294 ἐπί-

306 321 475 389 δειξιν
501 316 865 395 ἀνθρώπων’
829 318 1079 376 ἀπίκετο.

207 410 285 474 47
371 405 485 465 ’Υν
532 406 591 465 δὲ
638 403 936 515 Αἰγύπτιοι
976 403 1179 481 μιαρόν
1229 403 1467 485 ἥγηνται
1509 404 1703 482 θηρίον
1751 405 1911 467 εἶναι·

306 494 404 555 καὶ
455 498 623 553 τοῦτο
667 494 771 569 μὲν
817 491 888 568 ἥν
930 517 1016 556 τις
1070 491 1265 570 ψαύσῃ
1312 490 1494 552 αὐτῶν
1537 492 1753 570 παριῶν
1795 493 1909 568 υός,

302 581 528 642 αὐτοῖσι
556 580 830 657 ἱματίοισι
854 578 950 638 ἀπ’
980 577 1055 639 ων
1088 580 1330 658 ἔβαψε*
1305 578 1520 650 εωυτὸν,
1553 580 1667 656 βάς
1693 581 1785 641 ἐπὶ
1808 580 1912 643 τόν

300 668 577 747 ποταμόν·
643 670 810 728 τοῦτο
858 666 918 725 δὲ
968 668 1023 727 οἱ
1074 668 1350 743 συβῶται,
1392 665 1574 732 ἐόντες
1611 666 1909 749 Αἰγύπτιοι

302 757 563 839 ἐγγενέες,
597 759 653 818 ἐς
689 754 809 831 ἶρόν
850 754 1007 814 οὐδὲν
1040 756 1153 815 τῶν
1189 759 1248 814 ἐν
1280 753 1543 835 Αἰγύπτῳ
1580 755 1908 834 ἐσέρχονται

298 848 497 922 μοῦνοι
526 842 761 903 πάντων·
804 841 933 902 οὖδέ
956 847 1069 918 σφι
1086 841 1407 902 ἐκδίδοσθαι
1427 842 1704 922 θυγατέρα
1731 844 1907 910 οὐδεὶς

301 933 484 993 ἐθέλει
510 928 622 990 οὐδ’
650 928 890 1011 ἄγεσθαι
926 926 988 999 ἐξ
1016 928 1214 989 αὖτῶν·
1255 927 1389 988 ἀλλ’
1423 928 1738 991 ἐκδιδόαταί
1760 942 1824 991 τε
1850 936 1906 993 οἶ

298 1022 557 1097 συβῶται
597 1018 690 1077 καὶ
728 1016 961 1098 ἀγέαται
1001 1016 1063 1085 ἐξ
1114 1015 1404 1093 ἀλλήλων.
1470 1020 1625 1078 τοῖσι
1662 1019 1768 1095 μέν
1805 1045 1904 1082 νυν

298 1105 535 1168 ἄλλοισι
589 1106 772 1167 θεοῖσι
826 1104 975 1165 θύειν
1026 1100 1092 1167 ὗς
1144 1103 1210 1163 οὐ
1263 1103 1535 1165 δικαιεῦσι
1587 1103 1900 1187 Αἰγύπτιοι,

298 1195 519 1275 Σελήνῃ
546 1194 606 1253 δὲ
632 1193 725 1254 καὶ
752 1192 1011 1271 Διονύσῳ
1036 1190 1315 1269 μούνοισι,
1342 1195 1444 1253 τοῦ
1477 1190 1650 1253 αὐτοῦ
1673 1193 1899 1273 χρόνου,

293 1285 367 1362 τῇ
392 1282 534 1361 αὐτῇ
558 1278 912 1359 πανσελήνῳ,
933 1279 1063 1343 τούς
1086 1276 1152 1342 ὗς
1173 1278 1442 1343 θύσαντες
1465 1280 1765 1341 πατέονται
1788 1286 1902 1345 τῶν

295 1374 485 1446 κρεῶν.
568 1367 710 1427 διότι
738 1366 797 1427 δὲ
821 1366 950 1429 τούς
975 1364 1040 1430 ὗς
1066 1370 1126 1426 ἐν
1152 1368 1258 1443 μὲν
1281 1369 1419 1445 τῇσι
1449 1366 1668 1447 ἄλλῃσι
1688 1368 1898 1449 ’ὁρτῇσι

292 1455 723 1535 ἀπεστιηνήκασι
764 1458 823 1514 ἐν
862 1453 923 1513 δὲ
960 1452 1136 1533 ταύτῃ
1177 1452 1394 1524 θύουσι,
1422 1455 1545 1515 ἔστι
1582 1457 1687 1532 μὲν
1723 1456 1898 1539 λόγος

291 1543 420 1621 περὶ
460 1542 630 1602 αὐτοῦ
670 1540 751 1601 ὖπ
803 1540 1122 1623 Αἰγυπτίων
1161 1540 1483 1622 λεγόμενος·
1544 1542 1668 1619 ἐμοὶ
1705 1544 1897 1621 μέντοι

292 1631 643 1709 ἐπισταμένῳ
710 1627 811 1689 οὐκ
894 1627 1333 1708 εὖπρεπέστερός
1413 1633 1538 1690 ἐστι
1601 1631 1894 1713 λέγεσθαι.

296 1720 465 1796 θυσίη
506 1719 567 1779 δὲ
604 1718 704 1795 ἥδε
739 1721 849 1779 τῶν
879 1716 990 1779 ὑῶν
1023 1719 1097 1796 τῇ
1130 1717 1350 1797 Σελήνῃ
1381 1718 1646 1779 ποιέεται·
1728 1720 1895 1783 ἐπεὰν

292 1806 458 1884 θύσῃ,
484 1805 588 1883 τήν
615 1805 785 1883 ουρὴν
810 1804 991 1912 εἄκρην
1017 1804 1109 1864 καὶ
1132 1805 1239 1866 τᾶν
1270 1809 1502 1881 σπλῆνα
1537 1806 1628 1865 καὶ
1652 1806 1753 1868 τόν
1777 1812 1898 1869 ἐπί-

288 1898 469 1955 πλοον
520 1894 742 1957 συνθεὶς
793 1892 953 1970 ὁμοῦ,
1006 1890 1123 1953 κατ’
1171 1891 1248 1953 ὦν
1292 1892 1538 1971 ἐκάλυψε
1583 1893 1744 1975 πάσῃ
1789 1899 1891 1957 τοῦ

288 1981 513 2058 κτήνεος
547 1985 621 2063 τῇ
654 1984 870 2061 πιμελῇ
903 1984 976 2061 τῇ
1000 1981 1129 2059 περὶ
1161 2006 1266 2058 την
1291 1980 1458 2057 νηὸυν
1489 1983 1770 2093 γινομένῃ,
1797 1984 1890 2043 καὶ

288 2072 476 2131 ἔπειτα
519 2072 802 2152 καταγίζει
832 2069 985 2147 πυρί·
1024 2069 1200 2131 rot-8&
1239 2068 1396 2128 ἅλλα
1435 2070 1568 2146 κρέα
1608 2072 1889 2133 σιτέονται

288 2163 347 2218 ἐν
370 2163 443 2237 τῇ
469 2158 804 2237 πανσελήνῳ
840 2162 900 2218 ἐν
928 2161 1001 2237 τῇ
1026 2155 1097 2219 ἂν
1126 2157 1200 2218 τά
1237 2157 1329 2234 ἱροὶ
1367 2156 1603 2217 θύσωσι·
1644 2162 1704 2219 ἐν
1733 2156 1887 2239 ἄλλῃ

285 2245 345 2305 δὲ
371 2246 550 2325 ἡμέρῃ
578 2245 679 2305 οὐκ
708 2243 776 2305 ἂν
801 2246 881 2305 ἔτι
916 2244 1242 2326 γευσαίατο·
1285 2246 1338 2304 οἱ
1364 2244 1424 2303 δὲ
1454 2244 1683 2320 πένητες
1708 2243 1888 2309 αὐτῶν

285 2332 376 2391 ὑπ’
397 2331 687 2408 ἀσθενείης
701 2331 837 2408 βίου
863 2332 1150 2395 σταιτίνας
1168 2330 1491 2395 πλάσαντες
1509 2328 1572 2396 ὗς
1597 2333 1690 2391 καὶ
1713 2332 1888 2411 ὀπτή-

189 2423 265 2481 48
286 2444 487 2483 σαντες
519 2419 723 2482 ταύτας
759 2417 978 2478 θύουσι.
1059 2422 1152 2497 Τῷ
1181 2418 1241 2477 δὲ
1273 2417 1549 2498 Διονύσῳ,
1576 2423 1678 2495 τῆς
1716 2420 1885 2499 ὁρτῆς

281 2511 354 2586 τῇ
380 2507 598 2585 δορπίῃ,
625 2510 822 2585 χοῖρον
846 2504 959 2583 πρό
985 2509 1096 2565 τῶν
1132 2506 1340 2584 θυρέων
1365 2506 1593 2582 σφάξας
1629 2509 1880 2582 ἕκαστος,

283 2595 428 2655 διδοῖ
463 2592 856 2671 ἀποφέρεσθαι
893 2592 995 2653 τᾶν
1035 2595 1232 2671 χοῖρον
1267 2592 1413 2673 αὐτῷ
1446 2598 1523 2673 τῷ
1556 2594 1882 2679 ἀποδομένῳ

278 2686 390 2742 τῶν
428 2682 747 2758 συβωτέων.
826 2679 933 2757 τὴν
972 2680 1031 2740 δὲ
1070 2679 1258 2757 ἀλλην
1297 2680 1571 2762 ἀνάγουσι
1601 2681 1772 2760 ὁρτὴν
1803 2693 1882 2765 τῷ

283 2768 541 2849 Διονύσῳ
595 2772 650 2829 οἶ
701 2768 1015 2850 Αἰγύπτιοι,
1056 2766 1212 2844 πλὴν
1261 2773 1463 2849 χορῶν,
1517 2770 1659 2831 κατά
1701 2771 1880 2833 ταῦτά

282 2856 490 2938 σχεδόν
513 2856 697 2918 πάντα
720 2857 995 2934 Ἕλλησι·
1037 2854 1162 2917 ἀντὶ
1197 2855 1257 2915 δὲ
1295 2860 1551 2932 φαλλῶν,
1579 2856 1735 2918 ἅλλα
1765 2862 1884 2937 σφί

282 2950 407 3007 ἐστι
445 2945 779 3023 ἐξευρημένα
805 2944 945 3006 ὅσον
973 2970 1036 3006 τε
1060 2948 1314 3024 πηχυαῖα
1351 2942 1657 3026 ἀγάλματα
1695 2948 1878 3024 νευρό-

280 3060 517 3095 σπαστα
534 3033 607 3094 τά
628 3034 1029 3111 περιφορέουσι
1049 3032 1192 3093 κατά
1220 3030 1406 3111 κώμας
1428 3037 1698 3115 γυναῖκες,
1718 3039 1879 3095 νεῦον

282 3121 350 3181 vd
392 3122 602 3182 αἰδοῖον
643 3121 709 3181 οὔ
749 3124 950 3200 πολλῷ
987 3120 1093 3200 τέῳ
1133 3122 1388 3181 ἔλασσον
1428 3119 1520 3180 ἐὰν
1557 3122 1660 3180 τοῦ
1693 3120 1876 3181 ἄλλου

279 3210 557 3287 σώματος·
597 3210 933 3290 προηγέεται
968 3208 1029 3268 δὲ
1069 3206 1260 3278 αὗλός,
1300 3212 1360 3267 αἱ
1397 3208 1457 3268 δὲ
1503 3209 1729 3268 ἕπονται
1765 3208 1878 3267 ἀείπ

278 3294 478 3357 δουσαι
527 3295 631 3359 τᾶν
671 3296 970 3357 Διόνυσον.
1050 3294 1195 3357 διότι
1233 3296 1294 3355 δὲ
1337 3296 1506 3371 μέζον
1541 3322 1604 3359 τε
1654 3295 1769 3373 ἔχει
1804 3293 1872 3354 τὰ
