2267 3517
315 124 410 172 248
951 124 1320 174 ‘HPOAowo‘r
1778 124 1908 187 [111.

313 203 610 278 τριηκόσια
623 204 874 264 τάλαντα
890 203 1068 282 φόρος
1079 203 1170 279 ἦν·
1199 202 1367 280 νομός
1382 203 1717 267 δυωδέκατος
1732 201 1911 268 οὗτος.

223 287 459 348 93Ἀπό
498 294 816 366 Πακτυϊκῆς
857 291 934 360 δὲ,
969 293 1060 350 καὶ
1094 290 1411 368 Ἀρμενίων,
1456 293 1548 350 καὶ
1585 295 1697 351 τῶν
1736 317 1911 368 προσ-

319 377 487 456 εχέων
532 379 701 455 μέχρι
742 382 842 438 τοῦ
873 379 1080 438 πόντου
1113 383 1216 438 τοῦ
1255 379 1535 449 Εὐξείνου,
1576 378 1915 455 τετρακόσια

316 458 584 524 τάλαντα·
626 465 794 541 νομός
823 466 1008 543 τρίτος
1048 466 1141 524 καὶ
1174 465 1400 529 δέκατος
1440 463 1619 529 οὗτος.
1701 465 1815 527 ‹in-6
1854 466 1915 525 δὲ

319 552 656 631 Σαγαρτίων,
712 553 805 611 καὶ
863 553 1215 634 Σαραγγέων,
1270 554 1363 612 καὶ
1415 555 1763 630 Θαμαναίων,
1821 554 1914 614 καὶ

321 638 550 710 Οὐτίων,
585 641 676 699 καὶ
707 640 929 709 Μύκων,
965 641 1056 700 καὶ
1085 644 1197 700 τῶν
1237 645 1297 702 ε’ν
1334 644 1471 720 τῇσι
1511 640 1741 717 νήσοισι
1776 644 1912 700 οἰκε-

320 726 490 786 όντων
527 730 639 787 τῶν
683 733 740 788 ἐν
781 731 852 806 τῇ
892 726 1137 806 Ἐρυθρῇ
1181 727 1469 807 θαλάσσῃ,
1514 734 1573 788 ἐν
1611 732 1748 807 τῇσι
1785 726 1915 791 τοῦς

319 813 717 878 ἀνασπάστους
742 817 1116 892 καλεομένους
1149 816 1443 887 κατοικίζει
1478 815 1772 892 βασιλεῦς,
1800 815 1913 876 οἷπό

317 902 525 963 τούτων
568 902 789 964 πάντων
840 903 1105 974 ἑξακόσια
1156 903 1407 963 τάλαντα
1455 905 1665 984 ἐγίνετο
1718 903 1912 979 φόρος·

319 991 488 1067 νομός
530 992 792 1070 τέταρτος
839 993 930 1050 καὶ
974 991 1200 1054 δέκατος
1241 988 1414 1054 οὗτος.
1502 990 1680 1055 Σάκαι
1723 992 1783 1050 δὲ
1822 993 1915 1051 καὶ

322 1079 577 1138 Κάσπιοι
605 1079 946 1155 πεντήκοντα
977 1079 1070 1137 καὶ
1106 1077 1430 1154 διηκόσια)
1396 1078 1617 1159 αγίνεον
1645 1078 1913 1138 τάλαντα·

321 1193 493 1243 νομος
522 1168 776 1244 πέμπτος
813 1167 906 1225 καὶ
937 1166 1163 1229 δέκατος
1203 1162 1381 1229 οὗτος
1450 1165 1674 1242 Πάρθοι
1714 1166 1789 1236 δὲ,
1823 1168 1915 1226 καὶ

321 1254 658 1332 Χοράσμιοι,
709 1255 802 1313 καὶ
850 1253 1054 1334 Σόγδοι
1097 1279 1160 1314 τε
1208 1254 1299 1313 καὶ
1339 1251 1571 1329 ”Αρειοι,
1620 1253 1916 1331 τριηκόσια

227 1343 302 1400 94
319 1341 586 1402 τάλαντα·
618 1368 788 1417 νομος
815 1343 968 1404 ἕκτος
994 1367 1086 1400 και
1063 1341 1330 1403 δέκατος
1351 1339 1528 1404 οὗτος.
1584 1341 1916 1418 Παρικάνιοι

323 1428 397 1497 δὲ,
434 1429 524 1487 καὶ
566 1430 827 1493 Αἰθίοπες
866 1431 920 1488 οἱ
961 1435 1020 1487 ἐκ
1061 1433 1163 1503 τῆς
1200 1427 1416 1504 Ἀσίης,
1447 1429 1783 1505 τετρακόσια
1821 1430 1913 1504 τά·

322 1519 501 1574 λαντα
527 1517 849 1596 α’παγίνεον·
891 1515 1059 1592 νομὰς
1086 1517 1331 1593 ἕβδομος
1358 1517 1449 1575 καὶ
1482 1517 1707 1580 δέκατος
1735 1515 1913 1582 οὗτος.

326 1608 667 1680 Ματιηνοῖσι
700 1604 774 1671 δὲ,
805 1603 897 1662 καὶ
933 1603 1271 1680 Σάσπειρσι,
1300 1605 1393 1663 καὶ
1422 1603 1809 1682 Ἀλαροδίοισι
1841 1607 1915 1665 δι-

319 1689 527 1765 ηκόσια
546 1691 872 1750 ἐπετέτακτο
885 1691 1154 1751 τάλαντα·
1177 1691 1349 1768 νομὸς
1369 1691 1566 1773 ὄγδοος
1583 1693 1674 1751 καὶ
1691 1694 1917 1758 δέκατος

321 1774 499 1841 οὗτος.
557 1777 856 1856 Μόσχοισι
877 1779 951 1851 δὲ,
974 1779 1066 1838 καὶ
1084 1780 1478 1856 Τιβαρηνοῖσι,
1501 1781 1593 1839 καὶ
1620 1781 1913 1857 Μάκρωσι,

321 1866 413 1924 καὶ
458 1867 886 1950 Μοσυνοίκοισι,
930 1868 1022 1925 καὶ
1053 1869 1285 1942 ,Μαρσὶ
1326 1867 1622 1944 τριηκόσια
1666 1868 1917 1928 τάλαντα

318 1955 633 2030 προείρητο·
676 1954 846 2031 νομός
872 1954 1082 2018 εἴνατος
1109 1957 1201 2014 καὶ
1234 1955 1458 2017 δέκατος
1484 1952 1664 2018 οὗτος.
1729 1954 1916 2016 Ἰνδῶν

320 2040 381 2100 δὲ
399 2041 618 2118 πλῆθός
642 2068 705 2102 τε
730 2047 931 2122 πολλῷ
949 2042 1223 2102 πλεῖστόν
1246 2048 1369 2102 ε’στι
1395 2041 1614 2102 πάντων
1632 2046 1743 2102 τῶν
1756 2043 1916 2120 ἡμεῖς

319 2128 474 2207 ἴδμεν
509 2129 825 2208 ἀνθρώπων,
855 2132 947 2189 καὶ
979 2130 1161 2207 φόρον
1192 2129 1491 2210 ἀπαγίνεον
1527 2129 1669 2206 πρός
1704 2130 1915 2196 πάντας

319 2217 449 2280 τούς
484 2216 710 2287 ἄλλους,
741 2218 1004 2293 ἑξήκοντα
1038 2218 1129 2276 καὶ
1164 2217 1461 2295 τριηκόσια
1494 2217 1747 2278 τάλαντα
1772 2219 1915 2300 ψήγ-

225 2305 301 2363 95
318 2330 511 2381 ματος·
553 2303 726 2379 νομός
761 2305 1011 2367 εἰκοστός
1047 2303 1375 2368 ουτος.Τὸ
1411 2308 1516 2382 μὲν
1548 2305 1616 2379 δη
1653 2305 1917 2386 οἷργυριον

318 2390 385 2449 τό
418 2391 809 2467 Βαβυλώνιον·
821 2416 961 2469 προς
993 2391 1061 2451 τό
1092 2391 1378 2467 Εὗβοῖκόν
1405 2393 1916 2470 συμβαλλεόμενον

315 2469 594 2538 τάλαντον
625 2479 837 2559 γίνεται
867 2478 1281 2555 τεσσεράκοντα
1318 2479 1409 2538 καὶ
1445 2480 1788 2540 πεντακόσια
1823 2483 1916 2540 καὶ

322 2565 695 2644 εἰνακισχίλια
738 2565 1154 2626 τάλαντα.τὸ
1207 2567 1268 2625 δε
1316 2567 1555 2644 χρυσίον
1605 2568 1913 2644 τρισκαιδε-

321 2652 631 2712 καστάσιον
676 2652 1054 2734 λογιζόμενον,
1096 2651 1164 2712 τὸ
1212 2657 1415 2735 ψῆγμα
1463 2653 1778 2732 εὖρίσκεται
1823 2655 1916 2715 ἐὸν

318 2739 616 2826 Εὗβοῖκῶν
652 2739 940 2801 ταλάντων
980 2739 1295 2821 ὀγδώκοντα
1336 2742 1428 2800 καὶ
1472 2742 1776 2812 ἑξακοσίων
1823 2743 1915 2802 καὶ

318 2828 795 2906 τετρακισχιλίων.
854 2827 1062 2889 τούτων
1089 2827 1164 2888 ὧν
1187 2828 1407 2890 πάντων
1427 2830 1831 2907 συντιθεμένων
1847 2829 1914 2890 τό

317 2916 551 2992 πλῆθος,
567 2915 825 2993 Εὖβοῖκσῖ
843 2915 1092 2976 τάλαντα
1120 2918 1454 2998 συνελέγετο
1474 2922 1529 2979 ἐς
1547 2915 1647 2976 τόν
1668 2918 1916 2978 ἐπέτειον

318 3003 499 3081 φόρον
536 3004 752 3082 Δαρείῳ
791 3002 962 3080 μύρια
997 3003 1089 3062 καὶ
1123 3005 1551 3083 τετρακισχιλια
1587 3004 1681 3062 καὶ
1716 3029 1915 3065 πεντα-

319 3091 488 3151 κόσια
512 3093 603 3151 καὶ
630 3091 911 3168 ἑξήκοντα·
942 3089 1010 3150 τό
1037 3090 1083 3149 δ’
1105 3091 1186 3150 ἔτι
1209 3090 1418 3150 τούτων
1438 3091 1692 3151 ἔλασσον
1717 3090 1915 3162 οἷπιεὶς,

224 3177 300 3242 96
319 3177 382 3237 οὗ
413 3180 581 3260 λέγω.
651 3177 832 3240 Οὗτος
858 3177 1073 3258 Δαρείῳ
1099 3177 1341 3255 προσήῖε
1367 3176 1543 3254 φόρος
1575 3175 1688 3237 οἷπό
1716 3202 1779 3238 τε
1812 3182 1917 3254 τῆς

317 3262 519 3344 Ἀσίης
550 3268 644 3327 καὶ
673 3271 774 3344 τῆς
802 3265 1025 3344 Λιβύης
1057 3264 1413 3347 ὀλιγαχόθεν·
1455 3262 1748 3338 προϊόντος
1786 3265 1916 3342 μέν·
