2267 3517
354 154 453 204 304
968 152 1338 204 ἮνοΔοϊοΤ
1831 153 1957 219 [IV.

354 230 556 295 θυσίας
588 232 865 296 ἐπετείους
892 232 1257 314 προσάγουσι
1291 229 1598 309 προβάτων
1633 233 1727 292 καὶ
1759 233 1961 308 ἵππων,

356 319 449 378 καὶ
482 318 550 394 δὴ
584 320 677 378 καὶ
714 319 894 380 τοῖσδ’
922 322 1002 380 ἔτι
1042 321 1198 380 πλέω
1239 319 1439 380 θύουσι
1465 318 1504 395 ἦ
1527 323 1684 380 τοῖσι
1724 319 1963 383 ἄλλοισι

354 407 553 467 θεοῖσι·
595 406 765 471 ὅσους
800 407 847 467 δ’
880 405 948 468 ἂν
978 412 1090 469 τῶν
1122 403 1411 484 πολεμίων
1451 407 1802 488 ζωγρήσωσι,
1839 408 1957 470 dm?
2025 443 2031 448 ·

352 498 464 554 τῶν
503 493 699 562 ἐκατὸν
725 494 950 572 ’ἀνδρῶν
981 494 1156 573 ἄνδρα
1189 496 1284 555 ἕνα
1321 494 1537 564 θύουσι,
1564 494 1754 576 τρόπῳ
1781 495 1847 556 οὗ
1882 503 1966 577 τῷ

355 581 511 662 αὐτῷ
540 580 583 661 ᾧ
625 583 717 641 καὶ
752 581 825 642 τὰ
864 582 1149 660 πρόβατα,
1191 581 1325 642 ἀλλ’
1367 583 1606 662 ἑτεροίῳ·
1648 582 1818 644 ἐπεάν
1845 584 1961 665 γὰρ

358 669 509 730 οἶνον
552 671 929 731 ἐπισπείσωσι
974 670 1117 731 κατὰ
1169 674 1282 731 τῶν
1333 671 1645 747 κεφαλέων,
1685 670 1962 749 άποσφά-

354 757 517 828 ζουσι
554 757 685 821 τοῦς
722 757 1045 837 ἀνθρώπους
1084 763 1142 822 ἐς
1181 757 1370 839 ἄγγος,
1397 759 1492 818 καὶ
1531 759 1720 819 ἔπειτα
1757 758 1962 820 α’,νενεί-

357 870 550 909 καντες
574 843 685 905 ἅνω
712 847 805 906 ἐπὶ
828 846 928 907 τᾶν
952 845 1123 928 ὄγκον
1151 850 1262 908 τῶν
1295 845 1592 928 φρυγάνων
1621 848 1962 926 καταχέουσι

354 933 422 994 τὰ
450 933 589 1010 αἷμα
614 938 715 996 τοῦ
740 932 1044 998 άκινάκεος·
1086 933 1198 996 ἅνω
1222 936 1326 1011 μὲν
1353 933 1422 1009 δή
1462 936 1738 1012 φορέουσι
1768 939 1960 996 τοῦτο·

356 1021 501 1082 κάτω
541 1022 602 1082 δὲ
631 1023 787 1100 παρὰ
819 1021 885 1084 τὸ
928 1021 1051 1100 ἶρὸν
1088 1027 1316 1083 ποιεῦσι
1350 1021 1502 1081 τάδε·
1541 1026 1656 1082 τῶν
1692 1020 1962 1100 ἀποσφα-

353 1111 559 1190 γέντων
590 1110 801 1187 ἀνδρῶν
830 1110 959 1174 τοῦς
999 1109 1210 1181 ὃεξιοῦς
1251 1109 1432 1187 ὤμους
1469 1109 1682 1174 πάντας
1707 1109 1961 1188 ἀποτάμ-

355 1223 543 1262 νοντες
568 1198 676 1258 σῦν
700 1202 837 1278 τῇσι
868 1199 1036 1276 χερσὶ
1072 1203 1129 1262 ἐς
1163 1197 1263 1259 τὸν
1293 1197 1432 1275 ἠέρα
1464 1200 1616 1268 ἱεῖσι,
1642 1199 1736 1257 καὶ
1767 1199 1961 1260 ἔπειτα
1987 1201 1994 1206 ’

356 1287 451 1346 καὶ
474 1286 547 1348 τὰ
573 1285 728 1346 ἅλλα
754 1285 1089 1364 ἀπέρξαντες
1116 1286 1270 1364 ἷρήῖα
1295 1285 1790 1347 ἀπαλλάσσονται·
1830 1288 1958 1366 χεὶρ

260 1375 337 1436 63
355 1373 415 1433 δὲ
453 1378 525 1452 τῇ
565 1371 636 1434 ἂν
673 1375 827 1454 πέσῃ
868 1375 1064 1444 κέεται,
1093 1375 1187 1434 καὶ
1224 1374 1393 1454 χωρὶς
1425 1373 1461 1434 ὅ
1500 1374 1710 1452 νεκρός·
1747 1376 1959 1436 Θυσίαι

352 1461 459 1538 μέν
493 1486 590 1521 νυν
626 1458 795 1522 αὗταί
829 1468 945 1538 σφι
985 1463 1338 1532 κατεστέασι,
1364 1461 1463 1522 ὖσὶ
1504 1461 1565 1522 δὲ
1604 1461 1759 1523 οἶτοι
1799 1462 1959 1523 οὐδὲν

354 1548 665 1626 νομίζουσι·
734 1547 861 1609 οὐδὲ
904 1550 1132 1627 τρέφειν
1178 1555 1240 1611 ἐν
1275 1554 1349 1630 τῇ
1386 1549 1544 1630 χώρῃ
1581 1549 1648 1611 τὰ
1688 1549 1958 1629 παράπαν

358 1636 609 1698 θέλουσι.

261 1725 339 1785 64
436 1723 522 1783 To?
574 1723 622 1784 δ’
676 1728 732 1790 ἐς
781 1724 1035 1804 πόλεμον
1087 1729 1290 1806 ἔχοντα
1341 1724 1448 1786 ὧδέ
1495 1732 1611 1803 σφι
1661 1725 1958 1788 διακέεται·

357 1811 523 1874 ἐπεαν
566 1839 671 1875 τον
717 1819 939 1891 πρῶτον
978 1813 1154 1893 ἄνδρα
1191 1814 1495 1893 καταβάλῃ
1535 1812 1676 1893 άνηρ
1718 1813 1956 1891 Σκύθης,

355 1905 459 1962 τοῦ
498 1903 731 1980 αἵματος
784 1904 1017 1980 ἐμπίνει·
1084 1903 1256 1966 ὅσους
1295 1901 1342 1962 δ’
1383 1900 1452 1963 ἂν
1493 1902 1745 1982 φονευσῃ
1786 1908 1846 1963 ἐν
1881 1909 1959 1982 τῇ

353 1989 528 2070 μάχῃ,
568 2016 776 2053 τουτων
826 1991 928 2056 τοὶς
968 1991 1222 2068 κεφαλὰς
1262 1989 1540 2069 ἀποφέρει
1576 1995 1654 2070 τῷ
1692 1992 1958 2067 βασιλέϊ·

353 2077 644 2144 ἀπενείκας
666 2082 771 2158 μὲν
793 2079 903 2161 γὰρ
932 2079 1190 2156 κεφαλήν
1214 2082 1316 2155 τῆς
1339 2079 1505 2156 ληίης
1528 2078 1959 2156 μεταλαμβάνει

354 2167 459 2243 τήν
484 2166 552 2230 ἂν
576 2167 824 2244 λάβωσι,
844 2168 925 2244 μή
954 2169 1161 2232 ἐνείκας
1185 2168 1248 2227 δὲ
1271 2164 1356 2226 οὗ·
1389 2165 1670 2245 ἀποδείρει
1695 2167 1756 2226 δὲ
1782 2166 1958 2244 αὗτὴν

352 2255 541 2334 τρόπω
578 2256 788 2335 τοιῶδε·
828 2281 1146 2333 περιταμων
1186 2254 1370 2354 κύκλω
1409 2256 1540 2332 περὶ
1577 2281 1652 2314 τα
1691 2253 1819 2326 ὦτα,
1861 2257 1958 2316 και

354 2343 679 2420 λαβόμενος
712 2347 814 2420 τῆς
851 2348 1119 2420 κεφαλῆς
1136 2344 1366 2403 ἐκσείει·
1395 2368 1540 2421 μετα
1574 2342 1649 2414 δὲ,
1677 2344 1958 2420 σαρκίσας

356 2429 499 2506 βοός
536 2433 755 2509 πλευρῇ
796 2430 950 2509 δέψει
987 2435 1125 2510 τῇσι
1163 2432 1351 2510 χερσί·
1426 2429 1680 2539 όργήσας
1717 2431 1779 2491 δὲ
1816 2431 1956 2492 αὖτο

354 2516 454 2576 ἅτε
491 2517 895 2597 χειρόμακτρον
936 2519 1176 2594 ἔκτηται·
1218 2523 1280 2578 ἐκ
1320 2519 1382 2578 δὲ
1418 2524 1530 2580 τῶν
1567 2523 1816 2599 χαλινων
1851 2523 1958 2580 τοῦ

357 2607 530 2666 ἵππου
580 2605 681 2666 τον
730 2605 895 2670 ‹nh-63
934 2606 1169 2678 ἐλαυνει,
1224 2612 1286 2667 ἐκ
1337 2633 1539 2669 τουτου
1579 2607 1819 2679 ἐξάπτει,
1863 2609 1959 2668 καὶ

352 2693 683 2775 ἀγάλλεται·
712 2720 773 2758 ος
796 2694 908 2777 γοῖρ
936 2693 1005 2755 ἂν
1029 2698 1278 2757 πλεῖστα
1302 2695 1551 2773 δέρματα
1574 2696 1958 2775 χειρόμακτρα

354 2783 473 2862 ἔχῃ,
506 2781 647 2861 οἷνηρ
684 2782 915 2859 ἄριστος
945 2809 1106 2847 ουτος
1138 2785 1402 2862 κέκριται·
1441 2784 1658 2844 πολλοὶ
1688 2785 1748 2844 δὲ
1773 2783 1960 2846 αυτῶν

354 2875 415 2931 ἐκ
439 2874 549 2933 τῶν
567 2872 962 2950 ἀποδερμάτων
988 2873 1080 2931 καὶ
1106 2873 1344 2952 χλαίνας
1365 2873 1688 2934 ἐπείνυσθαι
1708 2876 1955 2944 ποιεῧσι,

352 2959 765 3038 συρράπτοντες
807 2961 1050 3037 κατάπερ
1089 2962 1314 3037 βαίτας·
1380 2961 1592 3020 πολλοὶ
1634 2962 1698 3021 δὲ
1742 2959 1958 3039 ἀνδρῶν

353 3049 568 3127 ἐχθρῶν
592 3048 693 3113 τοὶς
720 3047 901 3118 δεξιοῖς
922 3049 1093 3127 χέρας
1116 3051 1322 3124 νεκρῶν
1343 3047 1540 3109 ἐόντων
1565 3045 1959 3126 ἀποδείραντες

352 3133 575 3196 αὐτοῖσι
610 3135 778 3206 ὄνυξι,
806 3135 1127 3212 καλύπτρας
1156 3139 1267 3196 τῶν
1299 3136 1619 3212 φαρετρέων
1649 3141 1958 3197 ποιεῦνται·

354 3221 531 3300 δέρμα
562 3224 623 3284 δὲ
661 3222 955 3300 ἀνθρώπου
996 3220 1089 3279 καὶ
1130 3223 1282 3303 παχὺ
1323 3224 1416 3282 καὶ
1455 3223 1721 3301 λαμπρόν
1745 3222 1820 3300 ἦν
1843 3222 1958 3302 ἄρα

352 3309 562 3385 σχεδὸν
615 3309 898 3388 δερμάτων
937 3307 1156 3371 πάντων
1194 3308 1598 3389 λαμπρότατον
1636 3310 1956 3386 λευκότητι·
