2267 3517
361 127 580 192 85-88]
1035 129 1305 180 eAAmA.
1866 128 1964 176 245

359 211 432 286 τῇ
487 207 660 288 ἵππῳ]
713 209 1066 290 ἐγχρίμπτων
1117 213 1188 286 τῇ
1243 209 1438 288 θηλέῃ,
1482 209 1648 272 τέλος
1691 209 1753 268 δὲ
1794 211 1967 283 ε’πῆκε

315 369 318 374 ¹
361 295 599 373 ὀχεῦσαι
625 295 725 356 τὸν
753 295 944 356 ἵππον.
1002 295 1139 373 'Apa'
1164 296 1348 376 ἦμέρῃ
1376 297 1435 357 δὲ
1463 295 1884 374 διαφωσκούσῃ,
1912 297 2059 357 οἶ86

365 382 440 452 ἓξ,
470 382 610 442 κατοὶ
638 382 1034 460 συνεθήκαντο,
1051 389 1319 461 παρῆσαν
1339 387 1433 446 ε’πὶ
1457 388 1567 445 τῶν
1588 385 1788 444 ἵππων·
1830 383 1967 453 διεξ-

366 470 706 532 ελαυνόντων
746 471 805 530 δὲ
847 471 987 531 κατὰ
1027 472 1093 532 τὰ
1125 473 1483 550 προάστειον,
1514 472 1585 536 ὥς
1621 471 1763 531 κατὰ
1800 475 1967 532 τοῦτο

362 557 429 617 τό
455 559 661 637 χωρίον
688 559 937 640 ἐγίνοντο
966 558 1054 619 ἵνα
1070 564 1175 636 τῆς
1198 562 1609 640 παροιχομένης
1629 559 1823 623 νυκτός
1842 585 1968 620 κατ·

367 645 580 706 εδέδετο
619 646 658 721 ἦ
701 645 882 721 θήλεα
923 647 1110 716 ἴππος,
1154 649 1393 708 ἐνθαῦτα
1434 648 1468 708 ὁ
1515 649 1755 726 Δαρείου
1799 647 1969 712 ἵππος

364 733 743 811 προσδραμων
796 735 1140 812 ἐχρεμέτισε·
1204 761 1323 812 αμα
1377 736 1437 795 δὲ
1483 740 1561 814 τῷ
1610 737 1761 794 ἵππω
1800 740 1968 796 τοῦτο

365 821 684 897 ποιήσαντι,
712 821 978 898 οἷστραπη
962 822 1080 903 εξ
1117 825 1335 900 αἰθρίης
1366 824 1457 883 καὶ
1486 824 1701 934 βροντὴ
1731 825 1966 905 ἐγένετο.

367 909 728 991 ἐπιγενόμενα
769 911 828 970 δὲ
863 915 1040 971 ταῦτα
1074 915 1151 990 τῷ
1184 912 1403 989 Δαρείῳ
1439 889 1708 972 ἐτελέωσε
1733 937 1831 987 μιν
1858 912 1968 971 ὦσ-

366 1023 471 1074 περ
501 1003 561 1057 ἐκ
588 999 858 1059 συνθέτου
873 1024 967 1058 τευ
981 998 1269 1078 γενόμενα,
1293 1000 1425 1059 οἶδὲ
1447 997 1894 1074 καταθορόντες’
1858 998 1970 1060 από

365 1090 475 1144 τῶν
503 1087 684 1145 ἵππων
711 1085 1086 1162 προσεκύνεον
1111 1086 1237 1169 [τὸν
1265 1091 1504 1162 Δαρεῖον
1530 1084 1601 1148 οἷς
1626 1085 1925 1167 βασιλέα].

451 1177 524 1233 Οἱ
576 1177 680 1250 μὲν
735 1173 803 1250 δή
856 1180 1006 1250 φασι
1045 1174 1149 1235 τὸν
1198 1174 1457 1252 Οἰβάρεα
1497 1178 1675 1234 ταῦτα
1719 1173 1967 1251 μηχανή·
1987 1173 2063 1234 87

368 1263 603 1333 σασθαι,
632 1265 684 1321 οἷ
711 1262 770 1320 δὲ
795 1261 998 1332 τοιάδε,
1027 1261 1145 1343 (καὶ
1169 1261 1279 1344 γοὶρ
1310 1263 1393 1322 ἐπ’
1422 1261 1719 1339 οἷμφότερα
1744 1263 1970 1343 λέγεται

367 1348 478 1409 ύπὸ
506 1350 814 1431 Περσέων·)
845 1349 1040 1426 ὦς·τῆς
1066 1351 1243 1410 ἵππου
1267 1352 1469 1427 ταύτης
1493 1355 1603 1411 τῶν
1622 1348 1839 1428 ἄρθρων
1856 1355 1970 1409 ε’πι-

371 1437 593 1515 ψαύσας
627 1441 700 1517 τῇ
734 1439 896 1517 χειρὶ,
927 1441 1055 1517 ἔχοι·
1078 1439 1253 1514 αὐτὴν
1290 1440 1502 1519 κρύψας
1529 1443 1587 1498 ἐν
1612 1443 1749 1517 τῇσι
1774 1437 1971 1508 α’ναξυ·

368 1526 506 1603 ρίσι·
551 1525 624 1590 οἷς
657 1527 715 1586 δὲ
751 1525 869 1603 ἅμα
900 1531 992 1606 τῷ·
1015 1526 1160 1608 ἡλίῳ
1200 1527 1408 1588 ἀνιόντι
1442 1528 1709 1588 ἀπίεσθαι
1738 1528 1973 1604 μέλλειν

368 1615 498 1678 τοῦς
549 1615 767 1686 ἵππους,
819 1615 920 1676 τόν
975 1617 1235 1693 Οἰβάρεα
1286 1621 1485 1676 τοῦτον
1538 1615 1821 1692 ἐξείραντα
1870 1614 1973 1691 τὴν

368 1707 547 1782 χεῖρα,
574 1704 714 1781 πρὸς
739 1708 839 1763 τοῦ
869 1707 1110 1781 Δαρείου
1133 1705 1307 1763 ἵππου
1335 1705 1465 1767 τούς
1489 1708 1773 1781 μυκτῆρας
1792 1728 1971 1779 προσ-

370 1795 588 1851 ενεῖκαι·
630 1791 729 1852 τόν
759 1792 818 1850 δὲ
847 1791 1186 1866 αἰσθόμενον
1220 1791 1618 1864 φριμάξασθαί
1638 1817 1699 1850 τε
1725 1791 1819 1849 καὶ
1844 1816 1971 1869 χρε-

368 1881 614 1956 μετίσαι.
1530 1871 1534 1877 ’

453 1966 690 2043 Δαρεῖός
707 1990 772 2024 τε
797 1965 864 2038 δη
847 1964 863 1986 “
908 1962 925 1983 “
891 1959 1306 2026 ο”Υστάσ-πεος
1324 1961 1603 2038 βασιλευς
1622 1961 1968 2023 ἀπεδέδεκτο·
1992 1967 2068 2024 88

373 2054 470 2110 καί
492 2056 546 2112 οἱ
569 2053 770 2127 ἦσαν’
745 2077 804 2110 εν
829 2054 900 2129 τῇ
926 2049 1097 2129 Ἀσίῃ
1117 2049 1320 2113 πάντες
1341 2047 1605 2124 κατήκοοι
1630 2048 1785 2123 πλην
1808 2047 1973 2125 Ἀρα-

372 2139 531 2213 βίων,
561 2139 753 2216 Κύρου
781 2164 845 2198 τε
883 2139 1415 2218 καταστρεψαμένου
1443 2137 1534 2197 καὶ
1560 2136 1797 2212 ὕστερον
1824 2135 1976 2199 αὖτις

377 2225 726 2302 Καμβύσεω·
788 2225 1051 2304 Ἀράβιοι
1095 2227 1155 2286 δὲ
1209 2226 1427 2304 οὖδαμαῖ
1482 2224 1837 2300 κατήκουσαν
1886 2224 1977 2281 ἐπὶ

375 2312 692 2393 δουλοσύνῃ
724 2315 1006 2394 Πέρσῃσι,
1035 2313 1191 2374 ἄλλο’,
1230 2315 1398 2384 ξεῖνοι
1437 2315 1688 2396 ε’·γένοντο
1713 2312 1978 2389 παρέντες

377 2401 703 2478 Καμβύσεα
743 2402 828 2463 ἐπ’
870 2404 1173 2485 Αἴγυπτον·
1216 2402 1511 2482 (οἷεκόντων
1538 2402 1650 2484 γαῖρ
1685 2400 1970 2478 Ἀραβίων

367 2489 476 2549 ὀὔκ
503 2489 572 2551 ἂν
599 2491 945 2567 ε’σβάλλοιεν
986 2492 1211 2567 Πέρσαι
1240 2495 1294 2553 ἐς
1322 2489 1652 2570 Αἴγυπτον)
1677 2489 1892 2570 γάμους
1916 2514 1980 2547 τε

373 2578 506 2644 τοῦς
528 2578 779 2657 πρώτους
805 2579 1004 2658 ἐγάμεε
1028 2580 1293 2657 Πέρσῃσι
1320 2577 1353 2637 ὁ
1382 2582 1635 2654 Δαρεῖος,
1659 2577 1852 2655 Κύρου
1876 2579 1980 2654 μὲν

378 2665 476 2725 δύο
519 2667 840 2748 θυγατέρας,
870 2665 1173 2726 Ἄτοσσάν
1204 2691 1265 2724 τε
1300 2667 1391 2724 καὶ
1426 2664 1833 2741 Ἀρτυστώνην·
1875 2665 1978 2741 τήν

373 2756 479 2830 μὲν
510 2752 810 2815 Ἄτοσσαν
862 2753 1402 2832 προσυνοικήσασαν
1449 2752 1746 2831 Καμβύσῃ
1788 2779 1851 2814 τε
1903 2755 1981 2830 τῷ

377 2842 636 2920 ἀδελφεῷ
675 2842 768 2901 καὶ
801 2841 954 2906 αὖτις
985 2845 1062 2920 τῷ
1101 2841 1327 2922 Μάγῳ·
1346 2840 1451 2916 τὴν
1482 2840 1542 2899 δὲ
1574 2840 1980 2918 Ἀρτυστώνην,

375 2930 672 3006 παρθένον·
715 2931 905 3007 ἑτέρην
931 2929 1008 2998 δὲ,
1036 2929 1308 3005 Σμέρδιος
1332 2933 1435 2988 τοῦ
1464 2927 1658 3005 Κι’ρου
1686 2928 1979 3008 θυγατέρα,

379 3019 566 3098 ἔγημε,
603 3021 676 3095 τῇ
717 3015 928 3093 οὕνομα
964 3015 1034 3091 ἦν
1066 3016 1323 3092 Πάρμυς·
1366 3016 1503 3094 ἔσχε
1536 3015 1596 3073 δὲ
1633 3014 1725 3071 καὶ
1751 3013 1855 3087 τήν
1877 3016 1980 3071 τοῦ

375 3103 620 3176 Ὀτάνεω
654 3102 995 3185 emmim*
957 3130 994 3178 η
1021 3127 1120 3163 τον
1149 3102 1355 3183 Μάγον
1389 3101 1703 3173 κατάδηλον
1730 3098 1981 3176 ε’τςοίησε.

380 3191 642 3270 δυνάμιός
679 3217 742 3251 τε
774 3191 958 3250 πάντα
995 3193 1048 3249 οἱ
1090 3191 1417 3249 ε’πιπλέατο.
1485 3190 1705 3262 πρῶτον
1744 3186 1848 3260 μέν
1888 3209 1984 3244 νυν

376 3279 556 3342 τύπον
593 3277 972 3358 ποιησάμενος
1006 3278 1280 3338 λίθινον”
1253 3297 1477 3350 εστησε·
1521 3274 1659 3349 ζῷον
1684 3269 1748 3330 δέ
1771 3296 1824 3330 οι
1851 3273 1979 3346 ε’νην
