2267 3517
316 132 413 181 102
930 118 1300 184 «ΗΡοΔοτοτ
1845 132 1914 197 [1.

220 213 339 271 205
406 210 529 272 Ἠν
555 212 630 283 δὲ,
658 216 759 272 τοῦ
784 210 983 291 οἷνδρὸς
1020 212 1415 284 ἀποθανόντος,
1447 214 1586 294 γυνή
1613 216 1723 273 τῶν
1749 218 1918 272 Μασ·

316 300 597 380 σαγετέων
620 300 915 376 βασίλεια·
956 299 1200 378 Τόμυρίς
1224 303 1278 360 οἱ
1308 299 1379 376 ἦν
1407 300 1628 378 οὕνομα.
1712 299 1921 375 ταύτην

315 387 549 465 πέμπων
574 387 606 447 ὁ
633 392 820 465 Κῦρος
847 391 1050 465 ἐμνᾶτο
1075 394 1152 467 τῷ
1177 388 1347 469 λόγῳ,
1377 389 1554 450 θέλων
1588 390 1824 470 γυναῖκα
1850 386 1922 463 ἣν

318 475 480 554 ἔχειν·
520 476 559 552 ἦ
586 476 645 535 δὲ
670 475 912 553 Τόμυρις
952 480 1211 537 συνιεῖσα
1237 475 1338 536 οὐκ
1366 475 1539 552 αὐτήν
1567 501 1666 552 μιν
1704 475 1920 553 μνώμε-

316 588 429 634 νον,
470 562 626 623 άλλσῖ
663 562 1228 645 τὴν.Μασσαγετέων
1268 564 1599 641 βασιληίην,
1644 562 1921 623 ἀπείπατο

316 651 420 727 τήν
443 651 745 730 πρόσοδον.
828 656 1016 729 Κῦρος
1041 652 1102 711 δὲ
1125 652 1269 729 μετσῖ
1291 657 1474 725 τοῦτο,
1504 652 1575 714 ὥς
1601 654 1654 711 οἱ
1681 650 1828 731 δόλῳ
1855 650 1922 711 οὕ

317 738 645 818 προεχώρεε,
675 737 887 802 ἐλάσας
913 740 1004 799 ἐπὶ
1030 739 1129 799 τὸν
1158 739 1399 817 Ἀράξεα
1432 739 1678 799 ἐποιέετο
1720 744 1781 799 ἐκ
1818 744 1920 800 τοῦ

323 827 598 904 ἐμφανέος
635 827 727 886 ἐπὶ
752 826 880 890 τούς
906 828 1298 909 Μασσαγέτας
1324 827 1644 905 στρατηίην,
1669 826 1921 909 γεφύρας

318 941 382 975 τε
422 914 689 996 ζευγνύων
721 916 811 974 ἐπὶ
850 919 951 975 τοῦ
989 920 1248 993 ποταμοῦ
1288 915 1558 991 διάβασιν
1580 919 1657 993 τῷ
1681 921 1921 996 στρατῷ,

326 1003 418 1062 καὶ
458 1002 704 1086 πύργους
744 1003 836 1063 ἐπὶ
870 1004 1085 1064 πλοίων
1121 1007 1234 1064 τῶν
1272 1002 1785 1080 διαπορθμευόντων
1821 1004 1922 1064 τὸν

228 1093 343 1152 206
361 1092 617 1168 ποταμόν
664 1090 1136 1169 οἰκοδομεόμενος.
1221 1090 1455 1171 Ἔχοντι
1507 1089 1570 1150 δέ
1619 1095 1673 1151 οἱ
1722 1096 1923 1153 τοῦτον

324 1172 424 1233 τόν
446 1173 635 1245 πόνον,
661 1174 941 1251 πέμψασα
977 1171 1016 1248 ἦ
1055 1172 1298 1251 Τόμυρις
1321 1172 1532 1249 κήρυκα
1573 1173 1732 1253 ἔλεγε
1770 1172 1922 1233 τάδε·
1975 1194 1988 1205 ·

320 1259 353 1280 “
370 1260 412 1320 ὦ
451 1263 703 1337 βασιλεῦ
730 1260 956 1335 Μήδων,
996 1264 1214 1321 παῦσαι
1239 1259 1493 1321 σπεύδων
1532 1258 1604 1320 τοὶ
1644 1260 1919 1325 σπεύδεις·

330 1340 395 1400 οὗ
442 1340 555 1421 γοὶρ
614 1340 685 1401 ἂν
737 1341 931 1417 εἰδείης
976 1342 1027 1399 εἴ
1067 1366 1158 1415 τοι
1203 1346 1260 1404 ἐς
1302 1340 1493 1418 καιρόν
1539 1341 1698 1401 ἔσται
1746 1346 1923 1401 ταῦτα

324 1420 645 1498 τελεύμενα·
684 1420 1042 1497 παυσάμενος
1082 1422 1158 1491 δὲ,
1204 1422 1484 1498 βασίλευε
1524 1426 1635 1482 τῶν
1676 1428 1923 1483 σεωυτοῦ

326 1510 417 1568 καὶ
441 1508 616 1586 ἡμέας
641 1508 839 1588 οἷνέχευ
866 1509 1035 1587 ὁρέων
1063 1508 1339 1590 ἄρχοντας
1375 1514 1485 1571 τῶν
1523 1536 1629 1589 περ
1657 1508 1922 1590 ἄρχομεν.

327 1594 500 1657 οὔκων
525 1596 815 1672 ἐθελήσεις
852 1596 1174 1676 ὑποθήκῃσι
1212 1598 1410 1675 τῇσίδε
1447 1598 1732 1677 χρέεσθαι,
1768 1599 1924 1660 ἀλλὰ

280 1737 283 1741 .
326 1684 511 1745 πάντα
533 1689 760 1763 μᾶλλον
784 1683 821 1762 ἢ
849 1684 917 1745 δι’
942 1683 1182 1764 ἤσυχίης
1209 1685 1370 1755 εἶναι;
1415 1686 1490 1745 σύ
1519 1686 1578 1745 δὲ
1599 1689 1646 1744 εἰ
1669 1686 1927 1767 μεγάλως

328 1773 639 1851 προθυμέαι
665 1772 1090 1854 Μασσαγετέων
1127 1773 1474 1851 πειρηθῆναι,
1516 1774 1669 1851 φέρε,
1709 1773 1928 1853 μόχθον

325 1864 431 1940 μὲν
473 1860 574 1922 τᾶν
621 1862 765 1941 ἔχεις
809 1860 1031 1943 ζευγνῦς
1073 1860 1174 1922 τᾶν
1218 1860 1474 1939 ποταμὸν
1518 1860 1674 1937 ἄφες,
1721 1860 1796 1921 σι)
1849 1862 1925 1935 δὲ,

326 1949 511 2028 ἦμέων
538 1949 1017 2031 ἀναχωρησάντων
1041 1948 1157 2010 οἷπό
1195 1954 1296 2011 τοῦ
1322 1954 1579 2027 ποταμοῦ
1604 1954 1770 2027 τριῶν
1795 1949 1928 2027 ἦμε-

326 2039 465 2117 ρέων
507 2038 651 2111 όδόν,
698 2039 951 2117 διάβαινε
998 2043 1053 2103 ἐς
1093 2038 1198 2115 τήν
1242 2038 1535 2115 ἡμετέρην·
1577 2042 1627 2098 εἰ
1667 2037 1714 2096 δ’
1752 2038 1930 2115 ἦμέας

283 2190 289 2195 ,
328 2127 571 2206 βούλεαι
613 2128 953 2199 ἐσδέξασθαι
997 2132 1227 2205 μᾶλλον
1276 2132 1332 2207 ἐς
1374 2125 1480 2202 τήν
1522 2125 1810 2204 ὗμετέρην·
1853 2128 1929 2187 σύ

330 2216 506 2277 τῶυτὸ
528 2222 693 2278 τοῦτο
718 2215 923 2276 ποίεε.”
977 2220 1155 2276 ταῦτα
1169 2215 1229 2275 δὲ
1244 2214 1534 2277 άκούσαςὸ
1558 2219 1746 2292 Κῦρος
1772 2240 1929 2276 συνε-

332 2302 540 2362 κάλεσε
556 2304 824 2382 Περσέων
838 2302 969 2366 τοῦς
982 2301 1249 2379 πρώτους,
1267 2302 1598 2384 συναγείρας
1616 2301 1681 2361 δὲ’
1701 2302 1930 2367 τούτους

331 2395 387 2452 ἐς
423 2390 606 2466 μέσον
651 2396 765 2466 σφι
806 2390 1095 2467 προετίθεε
1134 2388 1201 2449 τὸ
1245 2393 1497 2470 πρῆγμα,
1540 2390 1929 2467 συμβουλευό-

334 2502 498 2555 μενος
524 2476 757 2554 ὁκότερα
781 2477 961 2556 ποιέῃ·
1002 2481 1113 2535 τῶν
1154 2477 1214 2536 δὲ
1254 2476 1393 2536 κατὰ
1426 2476 1602 2537 τῶυτό
1630 2480 1688 2537 αἱ
1713 2483 1931 2559 γνῶμαι

332 2564 732 2634 συνεξέπιπτον
772 2562 1105 2624 κελευόντων
1130 2563 1463 2623 ἐσδέκεσθαι
1485 2563 1727 2641 Τόμυρίν
1751 2592 1814 2626 τε
1840 2567 1932 2626 καὶ

182 2711 191 2723 ι
238 2655 353 2714 207
372 2652 470 2713 τόν
520 2651 767 2731 στρατὸν
819 2651 989 2728 αὐτῆς
1043 2657 1098 2715 ἐς
1151 2642 1258 2728 τὴν
1307 2649 1509 2732 χῶρην.
1593 2652 1829 2731 Παρεων
1873 2654 1934 2713 δὲ

330 2732 425 2800 καὶ
447 2734 809 2818 μεμφόμενος
831 2739 940 2816 ‘tva
960 2739 1187 2821 γνώμην
1224 2738 1431 2816 ταύτην
1458 2742 1708 2817 Κροῖσος
1747 2740 1782 2801 ὅ
1820 2747 1930 2803 Λυ-

334 2827 443 2897 δός,
497 2827 851 2889 ἀπεδείκνυτο
906 2828 1156 2904 ἐναντίην
1211 2832 1284 2906 τῇ
1349 2828 1682 2907 προκειμένῃ
1737 2829 1954 2911 γνώμῃ

335 2916 517 2997 λέγων
550 2914 700 2974 τάδε·
742 2924 779 2951 “
796 2915 838 2975 ὦ
877 2918 1145 2991 βασιλεῦ,
1193 2915 1349 2975 εἶπον
1387 2917 1491 2992 μὲν
1531 2916 1624 2974 καὶ
1661 2916 1933 2995 πρότερόν

334 3028 423 3063 τοι
450 3003 535 3064 ὅτι
564 3003 688 3062 ἐπεί
705 3028 777 3079 με
799 3002 932 3066 Ζεῦς
949 3003 1113 3061 ἔδωκέ
1136 3028 1240 3073 τοι,
1257 3002 1323 3063 τό
1352 3001 1420 3062 ἂν
1446 3002 1557 3080 ἆρῶ
1577 3002 1825 3080 σφάλμα
1843 3004 1934 3064 ἐόν

338 3091 469 3171 οἴκῳ
508 3095 584 3171 τῷ
636 3095 722 3170 σῷ
766 3090 907 3150 κατοὶ
952 3089 1183 3167 δύναμιν
1224 3089 1580 3171 ἀποτρέψειν·
1619 3089 1692 3151 τοὶ
1735 3090 1800 3151 δέ
1824 3094 1934 3167 ’μοι

336 3177 647 3257 παθήματα
670 3177 833 3239 ἐόντα
858 3176 1098 3256 ἀχάριτα
1116 3177 1426 3256 μαθήματα
1448 3176 1690 3260 γεγόνεε.
1759 3182 1808 3237 εἶ
1830 3180 1934 3253 μὲν

338 3262 612 3331 ἀθάνατος
643 3265 851 3329 δοκέεις
874 3265 1015 3325 εἶναι
1040 3266 1133 3325 καὶ
1159 3269 1428 3344 στρατιῆς
1456 3262 1713 3339 τοιαύτης
1741 3263 1935 3343 ἄρχειν
