2267 3517
347 134 629 198 200—203]
924 133 1376 185 MEAHOMENH.
1852 135 1951 183 361

348 214 701 294 χρήσασθαι·
727 212 833 290 τῆν
856 213 917 273 δὲ
936 212 1246 296 ὁμολογίην
1267 218 1550 274 ἐποιεῦντο
1569 213 1786 289 τοιήνδε
1811 214 1953 285 τινοῖ,

351 303 443 362 ε’πὶ
473 306 574 378 τῆς
614 305 859 380 κρυπτῆς
891 303 1112 378 τάφρου
1149 301 1448 379 τάμνοντες
1483 301 1660 380 ὅρκια·
1704 304 1757 365 ἔς
1795 301 1855 362 τ’·
1886 299 1954 362 ἂν

348 390 386 465 ἦ
420 394 497 472 γῆ
534 391 675 466 αὕτη
707 389 848 450 οὕτω
886 391 1003 469 ἔχῃ,
1044 393 1229 466 μένειν
1266 392 1331 450 τὲ
1369 391 1555 466 ὅρκιον
1584 389 1724 450 κατὰ
1749 390 1952 470 χώρην,

350 479 443 538 καὶ
482 479 793 555 Βαρκαίους
831 504 893 538 τε
934 478 1256 539 ύποτελέειν
1298 478 1472 555 φάναι
1515 477 1675 554 ἀξίην
1714 479 1956 560 βασιλέϊ

350 567 443 625 καὶ
478 567 711 644 Πέρσας
744 567 916 642 μηδὲν
950 563 1100 625 ἄλλο
1134 571 1410 645 νεοχμοῦν
1447 568 1588 626 κατὰ
1623 567 1952 644 Βαρκαίους·

347 654 491 728 μετ-οἶ
526 655 587 712 δὲ
619 653 686 714 τὸ
725 652 929 730 ὅρκιον,
960 657 1232 733 Βαρκαῖοι
1267 657 1371 732 μὲν
1403 656 1806 718 πιστεύσαντες
1830 653 1953 714 τού-

350 766 507 801 τοισι
540 740 705 801 αὐτοί
734 766 797 801 τε
830 742 1059 817 ἐξήῖσαν
1088 747 1149 801 ἐκ
1181 746 1280 802 τοῦ
1309 740 1510 804 ἄστεος
1538 743 1629 800 καὶ
1654 747 1763 803 τῶν
1787 747 1954 801 πολε-

346 830 488 905 μίων
523 830 622 888 ἔων
656 831 913 905 παριέναι
939 835 994 894 ἐς
1020 830 1087 890 τδ
1113 835 1300 909 τεῖχος
1330 829 1429 890 τὸν
1459 829 1830 906 βουλόμενον,
1857 830 1956 893 τοὶς

347 916 531 979 πύλας
550 916 738 978 πάσας
757 915 1087 986 ἀνοίξαντες·
1118 922 1172 977 οἱ
1193 918 1252 976 δὲ
1273 920 1497 994 Πέρσαι
1519 917 1956 994 καταρρήξαντες

346 1003 451 1079 τῆν
471 1004 719 1081 κρυπτὴν
739 1006 991 1085 γέφυραν
1011 1008 1167 1066 ἔθεον
1193 1009 1304 1066 ἔσω
1332 1011 1386 1068 ἐς
1411 1005 1476 1065 τὰ
1504 1008 1707 1084 τεῖχος.
1767 1006 1954 1081 κατέρ-

346 1091 521 1168 ρηξαν
548 1093 607 1150 δὲ
632 1092 793 1151 τοῦδε
822 1093 999 1153 εἵνεκα
1024 1093 1129 1170 τῆν
1155 1094 1430 1170 ἐποίησαν
1447 1094 1715 1173 γέφυραν,
1747 1092 1834 1150 ἴνα
1862 1096 1950 1168 ε’μ-

349 1179 698 1257 πεδορκέοιεν
723 1181 991 1255 ταμόντες
1010 1187 1164 1242 τοῖσι
1185 1182 1520 1258 Βαρκαίοισι
1540 1179 1743 1258 χρόνον
1769 1181 1954 1255 μένειν

350 1266 459 1324 αἰεὶ
482 1266 547 1327 τὸ
574 1267 762 1344 ὅρκιον
789 1267 929 1328 ὅσον
956 1269 1024 1329 ἂν
1050 1270 1089 1347 ἤ
1114 1276 1191 1352 γῆ
1211 1271 1351 1348 μένῃ
1385 1268 1526 1328 κατοὶ
1552 1267 1624 1327 ‘rot
1651 1267 1779 1327 τότε
1817 1267 1951 1346 εἶχε·

351 1354 731 1431 καταρρήξασι
758 1355 816 1414 δὲ
843 1357 1025 1416 οὐκέτι
1052 1360 1209 1433 ἔμενε
1234 1357 1300 1418 τὸ
1330 1356 1517 1434 ὅρκιον
1544 1355 1685 1416 κατοὶ
1712 1355 1915 1433 χώρην.

430 1441 574 1505 Τοῦς
617 1443 722 1519 μέν
753 1468 849 1504 νυν
885 1446 1237 1509 αἰτιωτάτους
1272 1449 1381 1506 τῶν
1418 1443 1711 1522 Βαρκαίων
1741 1443 1778 1519 ἦ
1814 1451 1913 1502 Φε-
1931 1447 2048 1503 202

346 1530 563 1607 ρετίμη,
606 1532 731 1591 ε’πεί
768 1557 830 1592 τε
878 1536 931 1592 οἱ
974 1540 1035 1594 ἐκ
1081 1539 1193 1596 τῶν
1235 1534 1504 1611 Περσέων
1544 1531 1954 1610 παρεδόθησαν,

349 1616 765 1680 ἀνεσκολόπισε
802 1621 985 1702 κύκλῳ
1015 1627 1117 1684 τοῦ
1150 1624 1377 1703 τείχεος,
1404 1626 1513 1682 τῶν
1539 1621 1603 1681 δέ
1633 1626 1744 1696 σφι
1770 1647 1953 1699 γυναι-

350 1710 461 1767 κῶν
484 1710 613 1772 τοῦς
630 1709 839 1786 μαζοῦς
860 1710 1240 1790 ἀποταμοῦσα
1259 1711 1573 1789 περιέστιξε
1595 1711 1686 1770 καὶ
1704 1708 1956 1770 τούτοισι

347 1793 415 1854 τὰ
460 1799 664 1875 τεῖχος·
721 1797 853 1860 τοῦς
896 1798 955 1858 δὲ
1000 1799 1236 1862 λοιποῦς
1286 1803 1397 1858 τῶν
1449 1799 1738 1873 Βαρκαίων
1790 1799 1957 1874 ληΐην

349 1883 613 1942 ε’κέλευσε
640 1883 842 1943 θέσθαι
865 1885 995 1948 τοῦς
1016 1887 1264 1962 Πέρσας,
1286 1882 1439 1958 πλὴν
1459 1883 1589 1943 ὅσοι
1607 1883 1787 1943 αὐτῶν
1807 1884 1957 1959 ἦσαν

350 1968 653 2028 Βαττιάδαι
686 1995 749 2028 τε
786 1971 879 2028 καὶ
910 1975 1012 2031 τοῦ
1052 1972 1232 2049 φόνου
1267 1970 1333 2031 ού
1366 1971 1661 2046 μεταίτιοι·
1702 1970 1958 2033 τούτοισι

348 2057 410 2116 δὲ
434 2057 539 2133 τῆν
564 2057 736 2118 πόλιν
762 2059 1029 2138 ἐπέτρεψε
1056 2059 1094 2136 ἦ
1122 2058 1418 2138 Φερετίμη.

430 2145 573 2209 Τους
615 2145 689 2206 ὧν
729 2146 797 2222 δὴ
839 2147 1072 2212 λοιπους
1106 2152 1218 2208 τῶν
1263 2147 1573 2260 Βαρκαίων
1597 2172 1653 2205 οι
1693 2147 1918 2222 Πέρσαι
1935 2151 2052 2207 203

350 2230 954 2313 ἅνδραποδισάμενοι’
919 2234 1178 2315 απῄεσαν
1199 2235 1400 2296 ὀπίσω·
1430 2235 1522 2293 καὶ
1548 2235 1673 2293 ἐπεί
1692 2261 1755 2294 τε
1776 2236 1867 2294 ἐπὶ
1886 2239 1958 2313 τῇ

351 2323 679 2399 Κυρηναίων
731 2323 870 2384 πόλι
926 2325 1263 2400 ἐπέστησαν,
1309 2326 1363 2382 οἱ
1410 2322 1717 2400 Κυρηναίοι
1762 2322 1963 2405 λόγιόν

348 2435 404 2468 τι
448 2409 845 2489 ἀποσιεύμενοι
886 2413 1144 2488 διεξῆκαν
1193 2410 1392 2475 αὐτοῦς
1439 2410 1530 2470 &a
1575 2413 1678 2470 τοῦ
1735 2410 1956 2475 ἄστεος·

350 2497 661 2575 διεξιούσης
696 2500 755 2558 δὲ
785 2505 885 2576 τῆς
921 2505 1206 2579 στρατιῆς,
1244 2499 1464 2578 Βάδρης
1499 2500 1603 2576 μὲν
1631 2498 1662 2558 ὁ
1693 2505 1795 2559 τοῦ
1833 2526 1958 2560 ναυ-

348 2589 504 2645 τικοῦ
530 2591 777 2664 στρατοῦ
805 2588 1121 2671 στρατηγὸς
1155 2589 1373 2648 ἐκέλευε
1401 2588 1604 2663 αἱρέειν
1629 2585 1732 2662 τῆν
1770 2585 1956 2657 πόλιν,

343 2675 593 2750 Ἀμασις
638 2675 696 2734 δὲ
738 2673 770 2736 o‘
812 2680 913 2736 τοῦ
962 2679 1131 2748 πεζοῦ
1175 2675 1274 2736 οὐκ
1316 2677 1396 2735 ἔα·
1438 2674 1531 2734 ἐπὶ
1578 2673 1803 2751 Βάρκην
1847 2674 1957 2756 γὰρ

350 2759 744 2838 ἀποσταλῆναι
772 2762 982 2841 μούνην
1017 2764 1328 2840 Ἑλληνίδα
1359 2763 1552 2823 πόλιν·
1602 2766 1657 2825 ἐς
1689 2761 1722 2822 ὃ
1753 2762 1956 2832 διεξελ-

350 2849 517 2908 θοῦσι
559 2852 651 2910 καὶ
684 2852 989 2929 ἱζομένοισι
1024 2854 1115 2912 ε’πὶ
1152 2853 1289 2916 Διὸς
1314 2850 1561 2912 Λυκαίου
1593 2849 1768 2928 ὄχθον
1801 2875 1958 2927 μετε-

348 2937 573 3013 μέλησέ
604 2946 716 3016 σφι
753 2938 819 2999 ού
847 2945 1061 3019 σχοῦσι
1096 2940 1201 3016 τῆν
1239 2939 1516 3018 Κυρήνην,
1546 2940 1638 2999 καὶ
1664 2943 1957 3014 ἐπειρῶντο

348 3022 415 3084 τό
449 3025 702 3104 δεύτερον
740 3031 995 3106 παριέναι
1030 3035 1085 3092 ἐς
1124 3029 1314 3106 αὐτήν·
1358 3032 1413 3088 οἱ
1445 3029 1504 3086 δὲ
1539 3030 1845 3105 Κυρηναῖοι
1891 3025 1957 3087 οὗ

349 3114 667 3193 περιῶρεον.
747 3121 900 3177 τοῖσι
937 3117 995 3176 δὲ
1037 3118 1322 3196 Πέρσῃσι,
1359 3115 1577 3178 οὖδενός
1612 3115 1954 3194 μαχομένου,

351 3199 540 3277 φόβος
596 3205 842 3266 ἐνέπεσε·
909 3204 1326 3284 ἀποδραμόντες
1377 3228 1439 3264 τε
1491 3202 1632 3264 ὅσον
1685 3201 1954 3279 ἑξήκοντα

350 3287 570 3364 στάδια,
613 3293 812 3365 ἵζοντο·
870 3293 1145 3372 ἱδρυθέντι
1184 3293 1244 3353 δὲ
1273 3295 1350 3371 τῷ
1384 3291 1744 3370 στρατοπέδῳ
1778 3289 1954 3369 ταύτῃ
