2267 3517
263 117 361 163 244
870 113 1239 163 ἩΡοΔοΤοί·
1587 178 1592 184 ι
1724 108 1863 175 [111.

260 194 455 254 λοιποὶ
478 195 590 254 τῶν
609 191 750 253 ἕπτοὶ
777 193 1147 269 ἐβουλεύοντο
1174 191 1245 254 ὥς
1262 191 1517 268 βασιλέα
1542 191 1865 252 δικαιότατα

261 280 590 357 στήσονταιν
631 281 729 339 καί
751 289 863 355 σφι
891 280 1057 350 ἔδοξε,
1084 279 1295 391 Ὀτάνῃ
1320 280 1425 356 μὲν
1452 279 1544 338 καὶ
1570 282 1723 338 τοῖσι
1750 278 1863 338 dm?

259 368 502 427 Ὀτάνεω
554 368 660 426 αἰεὶ
709 370 1073 448 γινομένοισι,
1125 365 1197 442 ἢν
1244 373 1299 428 ἐς
1352 364 1534 426 ἄλλον
1580 365 1723 425 τινοῖ
1757 371 1865 426 τῶν

263 455 403 514 ἐπτοὶ
429 454 630 534 ἔλθῃε
593 481 630 531 η
656 456 956 530 βασιληιη,
988 454 1241 531 ἐξαίρετα
1278 453 1536 513 δίδοσθαι
1564 452 1779 528 ἐσθῆτά
1802 480 1865 514 τε
1888 457 1895 460 ’

266 542 527 618 Μηδικήν
567 543 714 606 ἔτεος
765 542 1019 616 ἑκάστου,
1049 543 1161 600 -καὶ
1204 541 1308 617 τὴν
1347 545 1541 601 πᾶσαν
1581 540 1789 617 δωρεὴν
1826 540 1865 618 ἢ

263 631 472 712 γίνεται
519 634 578 690 ἐν
623 631 892 710 Πέρσῃσι
941 629 1268 707 τιμιωτάτη.
1347 629 1510 688 τοῦδε
1556 629 1618 688 δὲ
1663 629 1865 688 εἵνεκεν

267 716 685 794 ἐβουλεύσαντό
727 721 780 778 οἱ
815 718 1075 778 δίδοσθαι
1109 722 1302 787 ταῦτα,
1332 715 1417 776 ὅτι
1450 714 1767 792 ἐβούλευσέ
1802 741 1866 776 τε

264 810 482 883 πρῶτος
515 806 582 866 τό
625 810 860 886 πρῆγμα
903 807 996 865 καὶ
1037 805 1357 880 συνέστησε
1396 802 1607 866 αύτούς.
1690 808 1867 864 ταῦτα

264 896 368 971 μὲν
395 893 463 969 δὴ
499 893 708 973 Ὀτάνῃ
741 895 1007 970 ἐξαίρετα,
1035 892 1168 952 τάδε
1200 892 1260 950 δὲ
1294 897 1349 953 ἐς
1372 891 1441 951 τὸ
1484 891 1667 951 κοινὸν
1704 891 1863 967 ἐβού-

264 985 494 1041 λευσαν·
536 982 794 1059 παριέναι
819 987 874 1044 ἐς
903 981 976 1040 τὰ
1004 979 1292 1056 βασιλήῖα
1322 977 1506 1039 πάντα
1531 979 1631 1039 τὸν
1656 978 1866 1054 βουλό-

264 1095 434 1146 μενον
471 1073 582 1129 τῶν
631 1069 770 1129 ἐπτοὶ
811 1068 939 1128 ἄνευ
987 1068 1341 1148 ἐσαγγελέος,
1382 1064 1454 1142 ἢν
1493 1066 1573 1143 μὴ
1615 1067 1867 1146 τυγχάνῃ

269 1156 434 1218 εὕδων
490 1156 633 1233 μετά
687 1155 946 1238 γυναικὸς
1003 1155 1301 1231 βασιλεύς·
1384 1155 1614 1235 γαμέειν
1675 1155 1735 1213 δὲ
1785 1155 1867 1232 μὴ

271 1245 471 1312 ἐξεῖναι
516 1243 762 1304 ἄλλοθεν
804 1247 883 1322 τῷ
927 1242 1173 1320 βασιλέϊ
1215 1241 1252 1318 ἢ
1299 1246 1360 1301 ἐκ
1405 1246 1518 1302 τῶν
1563 1267 1869 1303 συνεπανα-

270 1331 540 1392 στάντων.
579 1332 786 1444 Ηπερὶ
803 1331 863 1390 δὲ
917 1335 1020 1406 τῆς
1075 1330 1390 1407 βασιληίης
1450 1329 1870 1406 ἐβουλεύσαντο

272 1419 504 1478 τοιόνδε·
572 1418 698 1478 ὅτευ
751 1445 819 1478 αν
872 1417 905 1478 ὅ
961 1419 1130 1482 ἵππος
1175 1417 1343 1493 ἡλίου
1397 1419 1871 1482 ἐπανατέλλοντος

268 1509 485 1582 πρῶτος
527 1505 840 1586 φθέγξηται
880 1510 939 1565 ἐν
969 1510 1046 1564 τῶ
1083 1507 1419 1585 προαστείω,
1458 1505 1637 1566 αὗτῶν
1681 1506 1870 1582 ἐπιβε-

268 1593 542 1669 βηκότων,
569 1597 768 1654 τοῦτον
794 1594 940 1672 ἔχειν
962 1592 1067 1668 τήν
1093 1593 1429 1669 βασιληιην.

175 1685 252 1741 85
353 1680 571 1759 Δαρείω
602 1679 727 1739 δὲ’
691 1706 762 1756 ην
795 1679 1106 1758 ἱπποκόμος
1146 1679 1289 1757 οἷνὴρ
1322 1680 1523 1757 σοφὰς,
1557 1685 1635 1761 τῷ
1661 1682 1871 1760 οὕνομα

271 1766 343 1844 ἦν
384 1767 658 1845 Οἰβάρης·
701 1769 841 1847 πρός
874 1773 1075 1830 τοῦτον
1108 1768 1211 1830 τόν
1238 1767 1426 1846 ἄνδρα,
1456 1770 1579 1828 ἐπεί
1604 1796 1667 1829 τε
1694 1770 1871 1830 διελύ-

271 1857 469 1932 θησαν,
505 1857 659 1926 ἔλεξε
692 1862 928 1936 Δαρεῖος
965 1856 1116 1918 τάδε·
1159 1867 1195 1894 “
1213 1857 1478 1933 Οἴβαρες,
1509 1856 1646 1932 ἡμῖν
1687 1858 1870 1918 δέδοκ-

270 1970 364 2004 ται
396 1945 526 2022 περὶ
563 1949 667 2022 τῆς
698 1946 1012 2023 βασιληίης
1046 1945 1255 2005 ποιέειν
1282 1943 1423 2004 nard
1449 1944 1599 2004 τάδε·
1642 1944 1768 2004 ὅτευ
1802 1943 1872 2006 ἂν

269 2032 302 2093 ὁ
343 2033 518 2115 ,ἵππος
555 2039 774 2112 πρῶτος
817 2035 1130 2115 φθέγξηται
1176 2033 1294 2112 ἅμα
1338 2036 1417 2110 τῷ
1455 2031 1599 2111 ἡλίῳ
1646 2031 1869 2105 οἷνιόντι,

271 2119 451 2182 αὖτῶν
478 2122 1003 2200 ἐπαναβεβηκότων,
1023 2126 1223 2182 τοῦτον
1250 2123 1394 2200 ἔχειν
1418 2119 1523 2195 τὴν
1536 2122 1870 2197 βασιληίην·

272 2213 370 2270 νῦν
405 2208 496 2280 ὧν,
533 2211 584 2269 εἴ
619 2235 744 2271 τινα
776 2211 918 2288 ἔχεις
959 2210 1189 2287 σοφίην,
1221 2211 1455 2287 μηχανῶ
1498 2207 1569 2271 ὥς
1608 2206 1677 2268 ἂν
1712 2209 1873 2285 ἡμεῖς

271 2301 502 2375 σχῶμεν
537 2300 706 2356 τοῦτο
743 2298 810 2357 τό
849 2298 1034 2378 γέρας,
1069 2298 1164 2356 καὶ
1194 2297 1274 2372 μή
1308 2295 1485 2358 ἄλλος
1516 2294 1651 2358 τις·”
1718 2295 1872 2372 άμεί-

271 2385 442 2459 βεται
482 2383 740 2460 Οἰβάρης
772 2385 984 2444 τοῖσδε·
1027 2395 1064 2420 “
1081 2389 1129 2443 εἰ
1166 2386 1271 2460 μὲν
1310 2383 1395 2458 δὴ,
1430 2382 1473 2442 ὦ
1514 2384 1779 2453 δέσποτα,
1814 2389 1875 2445 ἐν

271 2470 447 2550 τούτῳ
471 2472 566 2530 τοί
588 2475 712 2530 ἐστι
734 2469 772 2546 ἢ
795 2471 1051 2548 βασιλέα
1078 2471 1218 2531 εἶναι
1242 2469 1279 2547 ἦ
1306 2471 1405 2547 μή,
1434 2471 1641 2549 θάρσεε
1672 2472 1875 2532 τούτου

276 2557 477 2618 εἵνεκεν
517 2559 610 2616 καὶ
651 2558 828 2636 θυμὸν
867 2561 961 2638 ἔχε
1000 2557 1235 2640 οἷγαθόν·
1280 2557 1351 2621 ὥς
1383 2559 1665 2636 βασιλεῦς
1695 2559 1873 2623 οὐδεὶς

274 2644 453 2710 ἄλλος
477 2644 588 2723 πρὸ
615 2651 718 2706 σεῦ
746 2647 922 2706 ἔσται·
962 2651 1195 2707 τοιαῦτα
1221 2647 1328 2726 ἔχω
1356 2645 1679 2724 φάρμακα·”
1718 2648 1876 2727 λέγει

277 2737 530 2812 Δαρεῖος·
574 2744 609 2769 “
628 2737 675 2793 εἰ
699 2735 882 2795 τοίνυν
907 2761 964 2796 τι
992 2738 1249 2795 τοιοῦτον
1275 2736 1418 2814 ἔχεις
1444 2734 1731 2812 σόφισμα,
1762 2735 1875 2813 ὥρη

269 2823 634 2900 μηχανᾶσθαι
660 2824 751 2882 καὶ
775 2822 857 2900 μὴ
893 2821 1347 2900 ἀναβάλλεσθαι·
1390 2820 1461 2885 ὥς
1483 2826 1585 2898 τῆς
1611 2822 1878 2900 ἐπιούσης

273 2909 482 2988 ἡμέρης
507 2910 540 2970 ὅ
565 2910 716 2993 άγῶν
741 2910 878 2986 ἡμῖν
905 2909 1080 2970 ἐστι·”
1107 2908 1356 2973 οἰκούσας
1367 2914 1545 2970 ταῦτα
1564 2909 1596 2970 ὁ
1620 2910 1877 2986 Οἰβάρης

274 2999 450 3057 ποιέει
481 2997 713 3058 τοιόνδε·
757 2997 829 3060 ὦς
862 2998 1071 3078 ἐγίνετο
1097 2996 1136 3072 ἡ
1164 2997 1279 3069 νῦξ,
1306 3001 1416 3056 τῶν
1442 2997 1657 3072 θηλέων
1694 2998 1878 3057 ἵππων

271 3086 406 3160 μίαν
439 3085 544 3161 τὴν
569 3084 602 3145 ὅ
641 3086 878 3163 Δαρείου
916 3085 1084 3147 ἵππος
1121 3082 1349 3166 ἔστεργε
1374 3083 1645 3162 μάλιστα,
1670 3085 1879 3160 ταύτην

273 3170 500 3252 οἷγαγῶν
527 3178 582 3236 ἐς
606 3173 674 3234 τὰ
701 3171 1040 3249 προάστειον
1067 3171 1354 3247 κατέδησε,
1385 3171 1477 3228 καὶ
1504 3170 1750 3250 ἐπήγαγε
1776 3170 1879 3231 τὸν

281 3259 515 3332 Ααρείου
557 3261 746 3319 ἵππον·
796 3259 888 3318 καὶ
926 3258 998 3318 τά
1038 3259 1145 3335 μὲν
1178 3256 1373 3318 πολλοὶ
1406 3260 1638 3336 περιῆγε
1668 3255 1878 3336 [ἀγχοῦ
