2267 3517
313 145 412 194 212
923 140 1288 189 ‘HPOAomo'r
1780 139 1911 204 [111.

310 224 506 283 αὐτίκα
532 221 565 282 ὅ
592 221 918 298 Καμβύσης
943 219 1118 301 ὀργήν
1145 219 1525 296 ποιησάμενος
1552 219 1917 296 ἐστρατεύετο

311 313 402 371 ἐπὶ
427 310 556 373 τούς
587 311 873 379 Αἰθίοπας,
903 307 1029 369 οὔτε
1067 307 1429 385 παρασκευήν
1456 308 1617 368 σίτου
1658 307 1918 385 οὐδεμίαν

309 400 693 480 παραγγείλας
747 396 872 457 οὔτε
930 397 1106 478 λόγον
1172 400 1349 476 ἑωυτῷ
1388 395 1545 482 ῥδοῦς
1597 396 1684 456 ὅτι
1740 403 1794 460 ἐς
1844 400 1917 458 τὰ

311 488 526 566 ἔσχατα
550 489 652 562 τῆς
673 490 782 566 γῆς
809 488 1013 562 ἔμελλε
1040 485 1467 563 στρατεύεσθαι·
1522 485 1613 544 οἷα
1652 486 1712 545 δὲ
1744 491 1914 562 ἐμμα-

311 575 407 652 νής
448 601 510 635 τε
552 573 658 638 ἐιόν,
693 573 784 632 καὶ
820 572 884 632 οὗ
924 572 1221 650 φρενήρης,
1260 572 1330 636 ὦς
1358 571 1526 649 ἤκουε
1560 576 1670 633 τῶν
1704 572 1917 652 Ἰχθυο-

313 662 525 744 φάγων,
573 661 936 738 ἐστρατεύετο
977 661 1271 738 Ἑλλήνων
1305 662 1407 738 μὲν
1447 659 1577 724 τοῦς
1612 661 1917 738 παρεόντας

311 749 484 810 αὐτοῦ
520 750 695 828 ταύτῃ
731 750 903 820 τάξας
936 749 1247 825 ὑπομένειν,
1286 747 1388 808 τὸν
1431 748 1491 806 δὲ
1532 747 1700 818 πεζόν
1734 748 1917 810 πάντα

309 838 426 916 ἅμα
458 837 749 918 ἀγόμενος·
797 839 922 897 ἐπεί
946 863 1008 897 τε
1041 837 1101 895 δὲ
1138 834 1578 913 στρατευόμενος
1609 837 1827 917 ἐγένετο
1858 843 1917 898 ἐν

312 927 563 1004 Θήβῃσι,
601 925 859 1008 ἀπέκρινε
896 930 997 986 τοῦ
1033 927 1281 1001 στρατοῦ
1320 923 1391 987 ὦς
1425 924 1588 984 πέντε
1626 925 1914 1002 μυριάδας·

314 1015 407 1073 καὶ
431 1015 682 1075 τούτοισι
717 1017 823 1092 μὲν
851 1014 1171 1074 ἐνετέλλετο
1196 1012 1543 1089 Αμμωνίους
1584 1013 1915 1090 ἐξανδραπο-

312 1103 641 1180 δισαμένους
673 1102 739 1162 vd
786 1101 1132 1181 χρηστήριον
1176 1127 1242 1161 το
1286 1103 1390 1160 τοῦ
1432 1099 1568 1163 Διός
1611 1105 1914 1214 ἐμπρῆσαι,

312 1189 479 1254 αὐτος
525 1191 584 1249 δὲ
635 1216 735 1250 τον
782 1189 987 1250 λοιπον
1029 1215 1181 1270 αγων
1228 1187 1475 1265 στρατόν
1512 1187 1603 1263 ἤϊε
1649 1189 1742 1247 ἐπὶ
1786 1215 1917 1254 τους

316 1281 606 1342 Αἰθίοπας·
647 1279 778 1355 πρὶν
816 1278 875 1336 δὲ
911 1281 1012 1352 τῆς
1055 1277 1187 1337 ὁδοῦ
1228 1277 1295 1336 τό
1338 1277 1596 1354 πέμπτον
1629 1276 1796 1354 μέρος
1840 1278 1916 1338 δι-

314 1367 643 1441 εληλυθέναι
683 1365 786 1441 τήν
823 1366 1106 1443 στρατιὴν,
1152 1364 1350 1424 αὐτίκα
1382 1363 1565 1424 πάντα
1609 1364 1807 1428 αὐτοῦς
1845 1363 1917 1427 τοὶ

313 1452 465 1531 εἶχον
492 1455 683 1513 σιτίων
711 1453 950 1532 ἐχόμενα
978 1453 1355 1512 ἐπελελοίπεε·
1391 1451 1534 1528 μετοῖ
1560 1452 1620 1512 δὲ
1645 1451 1716 1513 τὰ
1742 1455 1915 1524 σιτία,

315 1540 408 1597 καὶ
430 1539 502 1600 ταῖ
533 1538 807 1620 ὑποζύγια
823 1540 1070 1599 ·ἐπέλιπε
1105 1539 1527 1616 κατεσθιόμενα·
1602 1545 1652 1600 εἷ
1682 1542 1787 1617 μέν
1820 1568 1918 1602 νυν

310 1626 504 1704 μαθῶν
535 1627 712 1686 τάὓτα
749 1625 781 1686 ὅ
821 1626 1147 1705 Καμβύσης
1184 1625 1577 1708 ἐγνωσιμάχεε,
1608 1629 1699 1688 καὶ
1732 1629 1917 1711 άπῆγε

311 1712 494 1773 ὀπίσω
520 1714 619 1775 τόν
645 1715 907 1792 στρατόν,
939 1715 1030 1773 ἐπὶ
1063 1719 1137 1794 τῇ
1174 1714 1421 1794 ἀρχῆθεν
1445 1718 1716 1796 γενομένῃ
1740 1717 1916 1796 ἆμαρ-

310 1801 436 1861 τάδι
460 1801 531 1878 ἦν
557 1802 700 1880 οἶνήρ
724 1803 927 1877 σοφός·
961 1807 1057 1863 νῦν
1083 1804 1144 1862 δὲ
1172 1801 1369 1864 οὐδένα
1393 1803 1570 1885 λόγον
1595 1803 1917 1882 ποιεύμενος

312 1889 400 1965 ἤϊε
427 1892 532 1950 αἰεὶ
565 1897 621 1953 ἐς
655 1892 721 1951 τό
757 1890 971 1969 πρόσω·
1015 1895 1070 1951 οἱ
1107 1892 1167 1950 δὲ
1207 1897 1559 1968 στρατιῶται,
1592 1894 1690 1956 ἕως
1723 1895 1829 1969 μέν
1860 1919 1919 1954 τι

314 1978 466 2057 εἶχον
492 1985 551 2038 ἐκ
578 1984 679 2055 τῆς
714 1983 820 2062 γῆς
855 1979 1171 2056 λαμβάνειν
1203 1981 1645 2060 ποιηφαγέοντες
1680 1981 1914 2052 διέζωον·

314 2069 433 2127 ἐπεὶ
464 2068 522 2126 δὲ
550 2073 605 2132 ἐς
633 2068 737 2145 τήν
764 2068 996 2147 ψάμμον
1034 2068 1317 2144 ἀπίκοντο,
1349 2068 1525 2128 δεινὸν
1552 2069 1713 2149 ἔργον
1740 2069 1917 2130 αὐτῶν

311 2157 453 2218 τινὲς
479 2156 811 2237 ἐργάσαντο·
868 2163 928 2220 ἐκ
970 2155 1197 2220 δεκάδος
1222 2155 1332 2237 γοὶρ
1372 2157 1466 2216 ἕνα
1506 2158 1701 2232 σφέων
1738 2156 1917 2218 αὐτῶν

311 2241 816 2320 ἀποκληρώσαντες
867 2246 1199 2326 κατέφαγον.
1286 2244 1597 2322 πυθόμενος
1638 2243 1699 2302 δὲ
1741 2249 1917 2304 ταῦτα

312 2329 344 2388 ὅ
381 2331 719 2406 Καμβύσης,
759 2331 948 2394 δείσας
987 2331 1090 2406 τὴν
1126 2331 1584 2412 ἀλληλοφαγίην,
1622 2330 1781 2394 άπεὶς
1818 2332 1917 2394 τόν

315 2415 398 2475 ἐπ’
427 2419 701 2481 Αἰθίοπας
741 2417 954 2478 στόλον
985 2418 1167 2478 ὀπίσω
1202 2417 1513 2495 ἐπορεύετο·
1569 2420 1661 2478 καὶ
1698 2419 1916 2480 οἷπικνέ-

313 2529 431 2563 εται
469 2511 522 2567 ἐς
557 2505 758 2581 Θήβας
789 2506 1041 2569 πολλοῦς
1075 2505 1367 2569 ἀπολέσας
1396 2510 1499 2567 τοῦ
1536 2511 1799 2583 στρατοῦ·
1856 2514 1917 2567 ἐκ

315 2593 549 2668 Θηβέων
603 2593 662 2652 δὲ
723 2595 978 2669 καταβάς
1031 2599 1084 2657 ἐς
1145 2596 1401 2670 Μέμφιν,
1454 2595 1584 2658 τοῦς
1630 2594 1917 2671 Ἓλληνας

314 2680 494 2755 ἀπῆκε
520 2680 838 2741 ἀποπλέειν.
925 2682 956 2742 ὁ
982 2683 1086 2760 μὲν
1111 2683 1197 2741 ἐπ’
1233 2683 1506 2746 Αἰθίοπας
1541 2683 1751 2746 στόλος
1778 2683 1917 2744 οὕτω

215 2771 294 2826 26
315 2770 536 2845 ἔπρηξε.
622 2773 695 2829 OE
722 2769 768 2829 δ’
796 2769 974 2832 αὐτῶν
1001 2770 1086 2830 ἐπ’
1121 2771 1468 2849 Ἀμμωνίους
1504 2771 1918 2835 ἀποσταλέντες

316 2857 738 2933 στρατεύεσθαι,
787 2860 912 2919 ε’πεί
946 2887 1010 2920 τε
1051 2860 1385 2939 ὁρμηθέντες
1426 2865 1489 2920 ἐκ
1528 2865 1640 2920 τῶν
1682 2861 1917 2936 Θηβέων

317 2945 646 3022 ἐπορεύοντο
671 2949 886 3025 ἔχοντες
914 2947 1180 3029 α’γωγοῦς,
1202 2947 1529 3025 ἀπικόμενοι
1555 2951 1660 3025 μὲν
1686 2947 1923 3023 φανεροί

317 3037 429 3092 εἶσι
477 3039 531 3099 ἐς
572 3033 784 3094 Ὄασιν
825 3034 1014 3108 πόλιν,
1055 3037 1161 3112 τήν
1202 3038 1395 3116 ἔχουσι
1432 3039 1537 3113 μὲν
1578 3035 1779 3111 Σάμιοι
1818 3039 1919 3110 τῆς

319 3123 688 3201 Αἰσχριωνίης
743 3126 929 3199 φυλῆς
974 3123 1269 3203 λεγόμενοι
1319 3124 1477 3183 εἶναι·
1534 3122 1813 3200 οἷπέχουσι
1858 3123 1919 3180 δὲ

317 3210 458 3270 ἐτιτα
491 3210 738 3288 ημερέων
769 3210 899 3270 ὁδὸν
931 3209 1042 3282 άπὸ
1075 3213 1311 3287 Θηβέων
1342 3210 1433 3270 δια
1464 3209 1716 3288 ψάμμου·
1764 3207 1916 3269 οὖνο-

320 3295 552 3368 μάζεται
589 3298 712 3358 δὲε
679 3326 711 3358 ο
737 3302 918 3376 χῶρος
953 3295 1117 3360 οὗτος
1154 3297 1295 3356 κατὰ
1321 3296 1611 3369 Ἑλλήνων
1638 3297 1919 3374 γλωσσαν
