2267 3517
332 145 582 212 99-104]
1007 145 1277 196 eAAEIA.
1782 169 1793 177 -
1828 143 1927 194 251

329 230 552 304 χρῶμα·
597 226 858 304 τοιαύτην
899 226 960 286 δὲ
1000 225 1094 286 καὶ
1137 225 1403 288 Αἰθίοπες
1428 224 1699 286 ’ἀπίενται
1737 222 1931 302 θορήν.

333 307 487 372 οὗτοι
502 314 608 389 μὲν
625 314 737 373 τῶν
753 311 942 373 Ἰνδῶν
962 313 1241 389 ἑκαστέρω
1260 316 1372 371 τῶν
1387 312 1656 388 Περσέων
1671 312 1931 384 οἰκέουσι,

333 398 427 457 καὶ
449 398 592 475 πρός
615 397 780 460 νότου
806 399 1031 477 ἀνέμου·
1074 401 1168 458 καὶ
1195 399 1436 477 Δαρείου
1458 399 1741 477 βασιλέος
1769 397 1931 460 ούδα·

329 485 414 563 μά
439 485 785 562 ύπήκουσαν.
1240 492 1249 500 ’

402 572 616 634 Ἀλλοι
641 575 700 634 δὲ
722 578 833 635 τῶν
845 573 1033 636 Ἰνδῶν
1059 574 1423 654 Κασπατύρῳ
1448 601 1510 635 τε
1536 575 1676 636 πόλι
1704 576 1795 634 καὶ
1819 579 1891 655 τῇ
1910 575 2026 635 102

332 666 625 740 Πακτυῖκῇ
649 661 805 742 χώρῃ
831 663 944 722 εἶσὶ
979 662 1306 740 πρόσουροι,
1332 663 1473 741 πρός
1513 663 1717 741 ἄρκτου
1750 689 1814 723 τε
1840 663 1931 722 καὶ

330 750 518 827 βορέω
569 749 776 827 ἀνέμου
815 751 1204 827 κατοικημένοι
1242 753 1352 812 τῶν
1391 750 1582 812 ἄλλων
1620 750 1823 822 Ἰνδῶν,
1878 749 1933 812 οἲ

333 838 660 915 Βακτρίοισι
685 839 1090 916 παραπλησίην
1116 839 1313 918 ἔχουσι
1344 839 1577 900 δίαιταν.
1661 836 1815 900 οὗτοι
1840 840 1933 898 καὶ

330 924 723 1005 μαχιμώτατοί
769 929 884 986 εἶσι
931 925 1134 999 Ἰνδῶν,
1187 926 1282 984 καὶ
1328 929 1383 986 οἱ
1434 928 1527 986 ἐπὶ
1578 926 1677 987 τὸν
1716 919 1933 1005 χρυσόν

333 1012 706 1089 στελλόμενοι
757 1014 872 1074 εἶσὶ
937 1010 1110 1073 οὗτοι.
1195 1012 1337 1072 κατὰ
1401 1013 1514 1095 γάρ
1580 1014 1750 1074 τοῦτό
1808 1019 1933 1075 ἐστι

333 1101 533 1176 ἐρημίη
557 1100 650 1160 διά
675 1101 780 1177 τὴν
809 1099 1062 1180 ψάμμον·
1106 1105 1165 1160 ἐν
1201 1099 1269 1177 δὴ
1309 1099 1383 1161 ὧν
1410 1105 1484 1180 τῇ
1524 1102 1725 1181 ἐρημίῃ
1754 1102 1929 1181 ταύτῃ

334 1188 429 1246 καὶ
457 1190 530 1266 τῇ
563 1188 776 1268 ψάμμῳ
812 1190 1063 1270 γίνονται
1101 1188 1385 1266 μύρμηκες
1422 1189 1672 1270 μεγάθεα
1712 1191 1930 1268 ἔχοντες

334 1278 508 1333 κυνῶν
530 1278 634 1350 μὲν
661 1275 953 1336 ἐλάσσονα
978 1275 1308 1336 ἀλωπέκεων
1333 1277 1393 1336 δὲ
1418 1278 1643 1353 μέζονα·
1684 1278 1797 1336 εἶσὶ
1819 1276 1932 1359 γάρ

335 1360 515 1422 αὐτῶν
565 1363 658 1422 καὶ
701 1363 854 1442 παρὰ
899 1364 1147 1439 βασιλέϊ
1190 1368 1302 1424 τῶν
1352 1366 1636 1442 Περσέων,
1686 1366 1935 1426 ἐνθεῦτεν

334 1450 722 1526 θηρευθέντες.·
786 1449 941 1512 οὗτοι
1007 1451 1081 1512 ὧν
1147 1455 1201 1510 οἱ
1264 1451 1548 1530 μύρμηκες
1612 1454 1933 1531 ποιεύμενοι

333 1536 554 1614 οἴκησιν
577 1537 688 1599 fier&
713 1543 838 1621 γῆν,
865 1537 1246 1615 ἀναφορέουσι
1270 1540 1342 1616 τῆ
1348 1566 1377 1599 ν
1408 1540 1659 1619 ψάμμον,
1688 1540 1933 1619 κατάπερ

333 1628 390 1686 οἳ
416 1631 474 1686 ἐν
497 1632 652 1688 τοῖσι
667 1626 926 1704 Ἕλλησι
948 1627 1250 1705 μύρμηκες,
1273 1629 1365 1687 καὶ
1388 1628 1487 1689 τὸν
1512 1628 1682 1690 αύτόν
1704 1629 1934 1707 τρόπον·

334 1715 446 1775 εἶσὶ
471 1715 532 1775 δὲ
557 1717 648 1776 καὶ
683 1715 751 1776 vd
790 1715 934 1779 εἶδος
966 1715 1292 1792 ὁμοιότατοι
1324 1713 1497 1776 οὗτοι·
1536 1716 1576 1793 ἦ
1612 1718 1673 1776 δὲ
1704 1717 1935 1795 ψάμμος

331 1801 372 1878 ἦ
397 1802 788 1882 ἀναφερομένη
829 1804 954 1864 ἐστὶ
992 1808 1269 1882 χρυσῖτις.
1352 1805 1444 1864 ἐπὶ
1484 1804 1552 1879 δή
1593 1806 1802 1882 ταύτην
1830 1806 1936 1882 τήν

333 1890 566 1968 ψάμμον
596 1893 936 1953 στέλλονται
977 1896 1034 1954 ἐς
1065 1890 1172 1968 τήν
1202 1895 1411 1970 ἐρῆμον
1440 1894 1495 1952 οἱ
1529 1892 1711 1962 Ἰνδοὶ,
1750 1893 1937 1964 ζευξά-

333 2003 500 2052 μενος
557 1979 792 2042 ἕκαστος
857 1977 1145 2055 καμήλους
1203 1983 1367 2056 τρεῖς,
1432 1979 1776 2056 σειρηφόρον
1832 1982 1938 2056 μὲν

335 2066 668 2142 ἑκατέρωθεν
703 2067 905 2142 ἔρσενα
937 2067 1254 2143 παρέλκειν,
1297 2066 1507 2142 θήλεαν
1546 2067 1607 2126 δὲ
1644 2073 1699 2129 ἐς
1736 2067 1936 2144 μέσον·

337 2152 431 2210 ἐπὶ
469 2153 674 2229 ταύτην
715 2152 784 2229 δή
829 2151 993 2217 afim-‹35-
1038 2152 1348 2231 ἀναβαίνει,
1394 2155 1758 2230 ἐπιτηδεύσας
1798 2154 1939 2220 ὅκως

335 2233 451 2299 ‹in-6
475 2241 680 2300 τέκνων
713 2240 785 2304 ὥς
819 2239 1100 2302 νεωτάτων
1137 2241 1483 2305 ἀποσπάσας
1522 2241 1702 2321 ζεύξῃ·
1744 2245 1802 2302 αἶ
1823 2242 1937 2323 γάρ

335 2334 450 2405 σφι
475 2327 722 2405 κάμηλοι
762 2329 945 2390 ἵππων
979 2328 1082 2389 ούκ
1115 2329 1361 2406 ἥσσονες
1396 2336 1452 2394 ἐς
1484 2330 1771 2408 ταχύτητά
1805 2337 1935 2392 εἶσι·

334 2417 504 2496 χωρὶς
538 2418 612 2491 δὲ,
651 2417 832 2498 ἄχθεα.
865 2417 1231 2495 δυνατώτεραι
1259 2418 1483 2479 πολλὸν
1524 2421 1736 2497 φέρειν.
1816 2420 1897 2481 Τὸ
1917 2423 2031 2482 103

333 2508 440 2582 μὲν
480 2505 548 2582 δή
591 2505 734 2570 εἶδος
774 2506 962 2568 ὁκοῖόν
999 2533 1056 2566 τι
1097 2508 1212 2586 ἔχει
1249 2507 1289 2584 ἦ
1330 2507 1597 2584 κάμηλος,
1640 2511 1937 2586 ἐπισταμέ-

334 2618 486 2663 νοισι
521 2597 677 2655 τοῖσι
707 2593 965 2671 Ἕλλησι
1002 2593 1067 2655 ού
1108 2594 1443 2676 συγγράφω·
1483 2595 1551 2656 τό
1598 2596 1660 2656 δὲ
1698 2595 1779 2674 μῆ
1822 2602 1935 2656 ἐπιὲ

335 2683 569 2742 στέαται
619 2681 804 2758 αὐτῆς,
856 2685 1026 2742 τοῦτο
1077 2681 1303 2760 φράσω·
1372 2681 1625 2760 κάμηλος
1676 2689 1737 2744 ἐν
1782 2689 1938 2745 τοῖσι

335 2767 652 2830 ὀπισθίοισι
679 2771 918 2830 σκέλεσι
952 2770 1068 2849 ἔχει
1102 2771 1380 2848 τέσσερας
1412 2770 1640 2848 μηρούς,
1680 2773 1773 2832 καὶ
1805 2773 1935 2854 γού-

335 2881 476 2917 νατα
511 2859 779 2936 τέσσερα·
817 2857 893 2918 τοὶ
927 2858 988 2918 δὲ
1020 2858 1203 2918 αἰδοῖα
1234 2858 1327 2918 διαὶ
1358 2863 1469 2920 τῶν
1493 2858 1768 2921 ὀπισθίων
1808 2887 1934 2919 σκε-

335 2946 480 3006 λέων
505 2946 645 3022 πρός
666 2946 773 3021 τὴν
799 2945 970 3024 οὖρῆν
994 2947 1366 3024 τετραμμένα.
1448 2950 1523 3007 Οἱ
1554 2948 1614 3007 δὲ
1639 2946 1897 3022 δήἸνδοὶ
1916 2950 2030 3007 104

335 3031 524 3114 τρόπῳ
555 3033 786 3113 τοιούτῳ
819 3034 911 3092 καὶ
944 3032 1120 3105 ζεύξει
1159 3034 1387 3114 τοιαύτῃ
1428 3034 1745 3113 χρεάμενοι,
1776 3033 1936 3093 ἐλαύ·

336 3146 500 3181 νουσι
533 3122 624 3181 ἐπὶ
663 3121 763 3183 τὰν
797 3122 1029 3201 χρυσόν,
1067 3125 1486 3204 λελογισμένως
1525 3122 1662 3184 ὅκως
1697 3119 1766 3181 ἂν
1806 3145 1933 3180 καυ-

335 3209 526 3287 μάτων
542 3214 654 3272 τῶν
673 3209 1026 3288 θερμοτάτων
1051 3209 1251 3272 ἐόντων
1266 3212 1493 3271 ἔσονται
1512 3214 1569 3268 ἐν
1586 3212 1660 3286 τῇ
1686 3208 1933 3289 ἁρπαγῇ·

332 3295 449 3360 ύπό
472 3297 584 3380 γοὶρ
607 3302 710 3360 τοῦ
730 3296 1009 3377 καύματος
1035 3300 1090 3357 οἱ
1113 3297 1399 3375 μύρμηκες
1423 3296 1663 3370 ἀφανέες
1686 3296 1936 3372 γίνονται
