<?xml version="1.0" encoding="UTF-8"?>
<!DOCTYPE html PUBLIC "-//W3C//DTD XHTML 1.0 Transitional//EN"
    "http://www.w3.org/TR/xhtml1/DTD/xhtml1-transitional.dtd">
<html xmlns="http://www.w3.org/1999/xhtml" xml:lang="en" lang="en">
 <head>
  <title>
</title>
<meta http-equiv="Content-Type" content="text/html;charset=utf-8" />
  <meta name='ocr-system' content='tesseract 3.04.00' />
  <meta name='ocr-capabilities' content='ocr_page ocr_carea ocr_par ocr_line ocrx_word'/>
</head>
<body>
  <div class='ocr_page' id='page_1' title='image "./herodotus05blakgoog_0091.png"; bbox 0 0 2267 3517; ppageno 0'>
   <div class='ocr_carea' id='block_1_1' title="bbox 294 136 2034 3379">
    <p class='ocr_par' dir='ltr' id='par_1_1' title="bbox 294 136 2034 3379">
     <span class='ocr_line' id='line_1_1' title="bbox 345 136 1937 200; baseline 0.002 -16"><span class='ocrx_word' id='word_1_1' title='bbox 345 136 626 200; x_wconf 82' lang='lat'>162—166]</span> <span class='ocrx_word' id='word_1_2' title='bbox 1037 138 1263 190; x_wconf 73' lang='lat' dir='ltr'><strong>mmm.</strong></span> <span class='ocrx_word' id='word_1_3' title='bbox 1876 142 1937 187; x_wconf 85' lang='lat'>81</span> 
     </span>
     <span class='ocr_line' id='line_1_2' title="bbox 343 214 1945 299; baseline 0.003 -25"><span class='ocrx_word' id='word_1_4' title='bbox 343 215 484 275; x_wconf 83' lang='grc' dir='ltr'>σθαι</span> <span class='ocrx_word' id='word_1_5' title='bbox 505 214 718 293; x_wconf 80' lang='grc' dir='ltr'>ἡμέρην</span> <span class='ocrx_word' id='word_1_6' title='bbox 740 218 892 294; x_wconf 89' lang='grc' dir='ltr'>μίαν,</span> <span class='ocrx_word' id='word_1_7' title='bbox 919 218 1012 277; x_wconf 84' lang='grc' dir='ltr'>καὶ</span> <span class='ocrx_word' id='word_1_8' title='bbox 1038 219 1225 277; x_wconf 80' lang='grc' dir='ltr'>ἔπειτα</span> <span class='ocrx_word' id='word_1_9' title='bbox 1248 218 1695 296; x_wconf 72' lang='grc' dir='ltr'>ὑποκρινέεσθαι·</span> <span class='ocrx_word' id='word_1_10' title='bbox 1734 223 1793 279; x_wconf 83' lang='grc' dir='ltr'>ἐν</span> <span class='ocrx_word' id='word_1_11' title='bbox 1816 216 1861 299; x_wconf 76' lang='grc' dir='ltr'>ᾧ</span> <span class='ocrx_word' id='word_1_12' title='bbox 1883 218 1945 279; x_wconf 79' lang='grc' dir='ltr'>δὲ</span> 
     </span>
     <span class='ocr_line' id='line_1_3' title="bbox 343 302 1941 386; baseline 0.004 -26"><span class='ocrx_word' id='word_1_13' title='bbox 343 302 718 378; x_wconf 80' lang='grc' dir='ltr'>βουλεύονται</span> <span class='ocrx_word' id='word_1_14' title='bbox 748 304 923 376; x_wconf 61' lang='lat' dir='ltr'>‹uh-02,</span> <span class='ocrx_word' id='word_1_15' title='bbox 957 305 1271 386; x_wconf 76' lang='grc' dir='ltr'>ἀπαγαγεῖν</span> <span class='ocrx_word' id='word_1_16' title='bbox 1307 310 1513 365; x_wconf 83' lang='grc' dir='ltr'>ἐκεῖνον</span> <span class='ocrx_word' id='word_1_17' title='bbox 1555 307 1809 367; x_wconf 87' lang='grc' dir='ltr'>ἐκέλευον</span> <span class='ocrx_word' id='word_1_18' title='bbox 1837 306 1941 382; x_wconf 72' lang='grc' dir='ltr'>τὴν</span> 
     </span>
     <span class='ocr_line' id='line_1_4' title="bbox 345 388 1942 475; baseline 0.004 -26"><span class='ocrx_word' id='word_1_19' title='bbox 345 390 615 467; x_wconf 78' lang='grc' dir='ltr'>στρατιὴν</span> <span class='ocrx_word' id='word_1_20' title='bbox 640 388 753 451; x_wconf 73' lang='grc' dir='ltr'>ἀπό</span> <span class='ocrx_word' id='word_1_21' title='bbox 778 395 880 451; x_wconf 84' lang='grc' dir='ltr'>τοῦ</span> <span class='ocrx_word' id='word_1_22' title='bbox 903 392 1165 471; x_wconf 81' lang='grc' dir='ltr'>τείχεος.”</span> <span class='ocrx_word' id='word_1_23' title='bbox 1233 391 1265 451; x_wconf 79' lang='grc' dir='ltr'>ὁ</span> <span class='ocrx_word' id='word_1_24' title='bbox 1294 392 1340 451; x_wconf 82' lang='grc' dir='ltr'>δ’</span> <span class='ocrx_word' id='word_1_25' title='bbox 1356 392 1648 475; x_wconf 69' lang='grc' dir='ltr'>Ἅρπαγος</span> <span class='ocrx_word' id='word_1_26' title='bbox 1674 394 1783 470; x_wconf 80' lang='grc' dir='ltr'>ἔφη</span> <span class='ocrx_word' id='word_1_27' title='bbox 1818 403 1855 431; x_wconf 90' lang='lat'><strong><em>“</em></strong></span> <span class='ocrx_word' id='word_1_28' title='bbox 1872 398 1942 455; x_wconf 80' lang='grc' dir='ltr'>εἶ-</span> 
     </span>
     <span class='ocr_line' id='line_1_5' title="bbox 345 476 1944 557; baseline 0.003 -21"><span class='ocrx_word' id='word_1_29' title='bbox 345 476 496 537; x_wconf 85' lang='grc' dir='ltr'>δέναι</span> <span class='ocrx_word' id='word_1_30' title='bbox 517 480 622 554; x_wconf 77' lang='grc' dir='ltr'>μὲν</span> <span class='ocrx_word' id='word_1_31' title='bbox 648 477 706 538; x_wconf 80' lang='grc' dir='ltr'>εὖ</span> <span class='ocrx_word' id='word_1_32' title='bbox 732 478 804 539; x_wconf 70' lang='grc' dir='ltr'>τὰ</span> <span class='ocrx_word' id='word_1_33' title='bbox 829 484 1026 539; x_wconf 84' lang='grc' dir='ltr'>ἐκεῖνοι</span> <span class='ocrx_word' id='word_1_34' title='bbox 1050 481 1321 556; x_wconf 87' lang='grc' dir='ltr'>μέλλοιεν</span> <span class='ocrx_word' id='word_1_35' title='bbox 1345 482 1567 551; x_wconf 84' lang='grc' dir='ltr'>ποιέειν,</span> <span class='ocrx_word' id='word_1_36' title='bbox 1584 480 1731 557; x_wconf 83' lang='grc' dir='ltr'>ὅμως</span> <span class='ocrx_word' id='word_1_37' title='bbox 1750 481 1814 541; x_wconf 80' lang='grc' dir='ltr'>δέ</span> <span class='ocrx_word' id='word_1_38' title='bbox 1830 488 1944 557; x_wconf 88' lang='grc' dir='ltr'>σφι</span> 
     </span>
     <span class='ocr_line' id='line_1_6' title="bbox 343 565 1943 651; baseline 0.005 -28"><span class='ocrx_word' id='word_1_39' title='bbox 343 566 600 643; x_wconf 87' lang='grc' dir='ltr'>παριέναι</span> <span class='ocrx_word' id='word_1_40' title='bbox 632 565 1114 643; x_wconf 78' lang='grc' dir='ltr'>βουλεύσασθαι.”</span> <span class='ocrx_word' id='word_1_41' title='bbox 1183 572 1243 627; x_wconf 89' lang='grc' dir='ltr'>ἐν</span> <span class='ocrx_word' id='word_1_42' title='bbox 1273 566 1317 647; x_wconf 81' lang='grc' dir='ltr'>ᾧ</span> <span class='ocrx_word' id='word_1_43' title='bbox 1348 567 1423 627; x_wconf 81' lang='grc' dir='ltr'>ὦν</span> <span class='ocrx_word' id='word_1_44' title='bbox 1452 568 1485 629; x_wconf 79' lang='grc' dir='ltr'>ὁ</span> <span class='ocrx_word' id='word_1_45' title='bbox 1506 567 1797 651; x_wconf 73' lang='grc' dir='ltr'>Ἅρπαγος</span> <span class='ocrx_word' id='word_1_46' title='bbox 1828 568 1943 631; x_wconf 77' lang='grc' dir='ltr'>ἆπό</span> 
     </span>
     <span class='ocr_line' id='line_1_7' title="bbox 342 653 1944 736; baseline 0.005 -24"><span class='ocrx_word' id='word_1_47' title='bbox 342 657 443 713; x_wconf 80' lang='grc' dir='ltr'>τοῦ</span> <span class='ocrx_word' id='word_1_48' title='bbox 480 655 694 733; x_wconf 88' lang='grc' dir='ltr'>τείχεος</span> <span class='ocrx_word' id='word_1_49' title='bbox 729 653 988 736; x_wconf 84' lang='grc' dir='ltr'>α’πήγαγε</span> <span class='ocrx_word' id='word_1_50' title='bbox 1025 654 1130 730; x_wconf 81' lang='grc' dir='ltr'>τήν</span> <span class='ocrx_word' id='word_1_51' title='bbox 1169 654 1457 732; x_wconf 76' lang='grc' dir='ltr'>στρατιὴν,</span> <span class='ocrx_word' id='word_1_52' title='bbox 1494 659 1549 715; x_wconf 82' lang='grc' dir='ltr'>οἱ</span> <span class='ocrx_word' id='word_1_53' title='bbox 1586 657 1855 720; x_wconf 77' lang='grc' dir='ltr'>Φωκαιέες</span> <span class='ocrx_word' id='word_1_54' title='bbox 1884 662 1944 719; x_wconf 83' lang='grc' dir='ltr'>ἐν</span> 
     </span>
     <span class='ocr_line' id='line_1_8' title="bbox 341 742 1943 823; baseline 0.003 -22"><span class='ocrx_word' id='word_1_55' title='bbox 341 742 518 822; x_wconf 74' lang='grc' dir='ltr'>τούτῳ</span> <span class='ocrx_word' id='word_1_56' title='bbox 544 742 1008 816; x_wconf 73' lang='grc' dir='ltr'>κατασπάσαντες</span> <span class='ocrx_word' id='word_1_57' title='bbox 1030 742 1131 805; x_wconf 81' lang='grc' dir='ltr'>τοὶς</span> <span class='ocrx_word' id='word_1_58' title='bbox 1155 745 1625 821; x_wconf 86' lang='grc' dir='ltr'>πεντεκοντέρους,</span> <span class='ocrx_word' id='word_1_59' title='bbox 1654 745 1943 823; x_wconf 87' lang='grc' dir='ltr'>ἐσθέμενοι</span> 
     </span>
     <span class='ocr_line' id='line_1_9' title="bbox 342 831 1943 912; baseline 0.003 -23"><span class='ocrx_word' id='word_1_60' title='bbox 342 831 508 890; x_wconf 84' lang='grc' dir='ltr'>τέκνα</span> <span class='ocrx_word' id='word_1_61' title='bbox 545 831 640 890; x_wconf 82' lang='grc' dir='ltr'>καὶ</span> <span class='ocrx_word' id='word_1_62' title='bbox 675 835 940 912; x_wconf 82' lang='grc' dir='ltr'>γυναῖκας</span> <span class='ocrx_word' id='word_1_63' title='bbox 979 831 1072 891; x_wconf 87' lang='grc' dir='ltr'>καὶ</span> <span class='ocrx_word' id='word_1_64' title='bbox 1107 831 1320 891; x_wconf 82' lang='grc' dir='ltr'>ἔπιπλα</span> <span class='ocrx_word' id='word_1_65' title='bbox 1350 831 1550 904; x_wconf 79' lang='grc' dir='ltr'>πάντα,</span> <span class='ocrx_word' id='word_1_66' title='bbox 1583 832 1724 911; x_wconf 85' lang='grc' dir='ltr'>πρὸς</span> <span class='ocrx_word' id='word_1_67' title='bbox 1758 834 1818 893; x_wconf 80' lang='grc' dir='ltr'>δὲ</span> <span class='ocrx_word' id='word_1_68' title='bbox 1850 834 1943 894; x_wconf 77' lang='grc' dir='ltr'>καὶ</span> 
     </span>
     <span class='ocr_line' id='line_1_10' title="bbox 341 918 1941 1030; baseline 0.003 -53"><span class='ocrx_word' id='word_1_69' title='bbox 341 943 414 977; x_wconf 90' lang='grc' dir='ltr'>τα</span> <span class='ocrx_word' id='word_1_70' title='bbox 453 918 772 1030; x_wconf 42' lang='grc' dir='ltr'>ἀγάλματα,</span> <span class='ocrx_word' id='word_1_71' title='bbox 786 919 862 979; x_wconf 80' lang='grc' dir='ltr'>τοὶ</span> <span class='ocrx_word' id='word_1_72' title='bbox 895 923 958 979; x_wconf 85' lang='grc' dir='ltr'>ἐκ</span> <span class='ocrx_word' id='word_1_73' title='bbox 985 945 1097 980; x_wconf 90' lang='grc' dir='ltr'>των</span> <span class='ocrx_word' id='word_1_74' title='bbox 1129 923 1277 996; x_wconf 76' lang='grc' dir='ltr'>ἱρῶν,</span> <span class='ocrx_word' id='word_1_75' title='bbox 1314 920 1407 979; x_wconf 84' lang='grc' dir='ltr'>καὶ</span> <span class='ocrx_word' id='word_1_76' title='bbox 1436 946 1509 981; x_wconf 90' lang='grc' dir='ltr'>τα</span> <span class='ocrx_word' id='word_1_77' title='bbox 1540 920 1697 981; x_wconf 78' lang='grc' dir='ltr'>ἄλλα</span> <span class='ocrx_word' id='word_1_78' title='bbox 1724 921 1941 997; x_wconf 85' lang='grc' dir='ltr'>α’ναθή-</span> 
     </span>
     <span class='ocr_line' id='line_1_11' title="bbox 342 1005 1939 1088; baseline 0.003 -24"><span class='ocrx_word' id='word_1_79' title='bbox 342 1030 511 1081; x_wconf 88' lang='grc' dir='ltr'>ματα,</span> <span class='ocrx_word' id='word_1_80' title='bbox 537 1007 705 1087; x_wconf 79' lang='grc' dir='ltr'>χωρὶς</span> <span class='ocrx_word' id='word_1_81' title='bbox 738 1007 772 1067; x_wconf 82' lang='grc' dir='ltr'><strong><em>ὅ</em></strong></span> <span class='ocrx_word' id='word_1_82' title='bbox 801 1033 858 1068; x_wconf 89' lang='grc' dir='ltr'>τι</span> <span class='ocrx_word' id='word_1_83' title='bbox 891 1005 1166 1087; x_wconf 87' lang='grc' dir='ltr'>χαλκος</span> <span class='ocrx_word' id='word_1_84' title='bbox 1129 1032 1169 1082; x_wconf 94' lang='grc' dir='ltr'>η</span> <span class='ocrx_word' id='word_1_85' title='bbox 1194 1006 1413 1071; x_wconf 66' lang='grc' dir='ltr'>λίθος”ι</span> <span class='ocrx_word' id='word_1_86' title='bbox 1378 1033 1415 1084; x_wconf 93' lang='grc' dir='ltr'>η</span> <span class='ocrx_word' id='word_1_87' title='bbox 1438 1008 1635 1088; x_wconf 87' lang='grc' dir='ltr'>γραφη</span> <span class='ocrx_word' id='word_1_88' title='bbox 1668 1008 1755 1085; x_wconf 85' lang='grc' dir='ltr'>ἦν,</span> <span class='ocrx_word' id='word_1_89' title='bbox 1782 1035 1855 1069; x_wconf 89' lang='grc' dir='ltr'>τα</span> <span class='ocrx_word' id='word_1_90' title='bbox 1880 1010 1939 1069; x_wconf 76' lang='grc' dir='ltr'>δὲ</span> 
     </span>
     <span class='ocr_line' id='line_1_12' title="bbox 343 1091 1940 1171; baseline 0.003 -19"><span class='ocrx_word' id='word_1_91' title='bbox 343 1091 498 1153; x_wconf 77' lang='grc' dir='ltr'>ἄλλα</span> <span class='ocrx_word' id='word_1_92' title='bbox 528 1095 712 1155; x_wconf 82' lang='grc' dir='ltr'>πάντα</span> <span class='ocrx_word' id='word_1_93' title='bbox 737 1096 991 1160; x_wconf 81' lang='grc' dir='ltr'>ἐσθέντες</span> <span class='ocrx_word' id='word_1_94' title='bbox 1017 1095 1109 1154; x_wconf 84' lang='grc' dir='ltr'>καὶ</span> <span class='ocrx_word' id='word_1_95' title='bbox 1136 1093 1295 1154; x_wconf 77' lang='grc' dir='ltr'>αὐτοὶ</span> <span class='ocrx_word' id='word_1_96' title='bbox 1322 1095 1597 1171; x_wconf 79' lang='grc' dir='ltr'>ἐσβάντες</span> <span class='ocrx_word' id='word_1_97' title='bbox 1624 1098 1874 1155; x_wconf 80' lang='grc' dir='ltr'>ἔπλεον’</span> <span class='ocrx_word' id='word_1_98' title='bbox 1849 1097 1940 1157; x_wconf 84' lang='grc' dir='ltr'>επὶ</span> 
     </span>
     <span class='ocr_line' id='line_1_13' title="bbox 343 1181 1941 1262; baseline 0.004 -24"><span class='ocrx_word' id='word_1_99' title='bbox 343 1181 507 1241; x_wconf 85' lang='grc' dir='ltr'>Χίου·</span> <span class='ocrx_word' id='word_1_100' title='bbox 546 1181 651 1259; x_wconf 78' lang='grc' dir='ltr'>τήν</span> <span class='ocrx_word' id='word_1_101' title='bbox 675 1182 738 1243; x_wconf 90' lang='grc' dir='ltr'>δε</span> <span class='ocrx_word' id='word_1_102' title='bbox 761 1183 1016 1259; x_wconf 84' lang='grc' dir='ltr'>Φωκαίην</span> <span class='ocrx_word' id='word_1_103' title='bbox 1041 1182 1423 1260; x_wconf 81' lang='grc' dir='ltr'>ἐρημωθεῖσαν</span> <span class='ocrx_word' id='word_1_104' title='bbox 1449 1182 1716 1255; x_wconf 73' lang='grc' dir='ltr'>οἷνδρων”</span> <span class='ocrx_word' id='word_1_105' title='bbox 1686 1209 1858 1262; x_wconf 85' lang='grc' dir='ltr'>εσχον</span> <span class='ocrx_word' id='word_1_106' title='bbox 1887 1211 1941 1245; x_wconf 90' lang='grc' dir='ltr'>οι</span> 
     </span>
     <span class='ocr_line' id='line_1_14' title="bbox 344 1268 2034 1349; baseline 0.006 -24"><span class='ocrx_word' id='word_1_107' title='bbox 344 1268 589 1345; x_wconf 88' lang='grc' dir='ltr'>Πέρσαι.</span> <span class='ocrx_word' id='word_1_108' title='bbox 656 1273 731 1329; x_wconf 78' lang='grc' dir='ltr'>Οἱ</span> <span class='ocrx_word' id='word_1_109' title='bbox 755 1270 816 1330; x_wconf 80' lang='grc' dir='ltr'>δὲ</span> <span class='ocrx_word' id='word_1_110' title='bbox 838 1272 1124 1340; x_wconf 86' lang='grc' dir='ltr'>Φωκαιέες,</span> <span class='ocrx_word' id='word_1_111' title='bbox 1154 1269 1279 1329; x_wconf 86' lang='grc' dir='ltr'>ἐπεί</span> <span class='ocrx_word' id='word_1_112' title='bbox 1297 1295 1361 1330; x_wconf 86' lang='grc' dir='ltr'>τε</span> <span class='ocrx_word' id='word_1_113' title='bbox 1386 1277 1500 1346; x_wconf 86' lang='grc' dir='ltr'>σφι</span> <span class='ocrx_word' id='word_1_114' title='bbox 1524 1270 1657 1331; x_wconf 82' lang='grc' dir='ltr'>Χίοι</span> <span class='ocrx_word' id='word_1_115' title='bbox 1681 1270 1782 1334; x_wconf 71' lang='grc' dir='ltr'>τσῖς</span> <span class='ocrx_word' id='word_1_116' title='bbox 1807 1270 2034 1349; x_wconf 59' lang='lat' dir='ltr'>{off-165</span> 
     </span>
     <span class='ocr_line' id='line_1_15' title="bbox 344 1356 1939 1436; baseline 0.003 -20"><span class='ocrx_word' id='word_1_117' title='bbox 344 1382 482 1421; x_wconf 90' lang='grc' dir='ltr'>σους</span> <span class='ocrx_word' id='word_1_118' title='bbox 504 1356 606 1421; x_wconf 53' lang='grc' dir='ltr'>ταῖς</span> <span class='ocrx_word' id='word_1_119' title='bbox 633 1358 952 1423; x_wconf 78' lang='grc' dir='ltr'>Οἰνούσσας</span> <span class='ocrx_word' id='word_1_120' title='bbox 977 1359 1319 1436; x_wconf 83' lang='grc' dir='ltr'>καλεομένας</span> <span class='ocrx_word' id='word_1_121' title='bbox 1333 1358 1433 1419; x_wconf 74' lang='grc' dir='ltr'>οὐκ</span> <span class='ocrx_word' id='word_1_122' title='bbox 1454 1358 1761 1435; x_wconf 85' lang='grc' dir='ltr'>ἐβούλοντο</span> <span class='ocrx_word' id='word_1_123' title='bbox 1783 1358 1939 1420; x_wconf 73' lang='grc' dir='ltr'>ὠνεο-</span> 
     </span>
     <span class='ocr_line' id='line_1_16' title="bbox 341 1445 1941 1526; baseline 0.002 -20"><span class='ocrx_word' id='word_1_124' title='bbox 341 1445 566 1521; x_wconf 88' lang='grc' dir='ltr'>μένοισι</span> <span class='ocrx_word' id='word_1_125' title='bbox 602 1447 854 1518; x_wconf 80' lang='grc' dir='ltr'>πωλέειν,</span> <span class='ocrx_word' id='word_1_126' title='bbox 895 1446 1263 1524; x_wconf 83' lang='grc' dir='ltr'>δειμαίνοντες</span> <span class='ocrx_word' id='word_1_127' title='bbox 1301 1446 1383 1524; x_wconf 79' lang='grc' dir='ltr'>μὴ</span> <span class='ocrx_word' id='word_1_128' title='bbox 1424 1450 1483 1509; x_wconf 77' lang='grc' dir='ltr'>αἱ</span> <span class='ocrx_word' id='word_1_129' title='bbox 1523 1448 1629 1525; x_wconf 74' lang='grc' dir='ltr'>μὲν</span> <span class='ocrx_word' id='word_1_130' title='bbox 1677 1446 1941 1526; x_wconf 77' lang='grc' dir='ltr'>ἐμπόρων</span> 
     </span>
     <span class='ocr_line' id='line_1_17' title="bbox 338 1532 1939 1614; baseline 0.001 -20"><span class='ocrx_word' id='word_1_131' title='bbox 338 1534 604 1614; x_wconf 84' lang='grc' dir='ltr'>γένωνται</span> <span class='ocrx_word' id='word_1_132' title='bbox 622 1532 662 1611; x_wconf 80' lang='grc' dir='ltr'><em>ἢ</em></span> <span class='ocrx_word' id='word_1_133' title='bbox 681 1534 740 1594; x_wconf 83' lang='grc' dir='ltr'>δὲ</span> <span class='ocrx_word' id='word_1_134' title='bbox 759 1533 939 1595; x_wconf 79' lang='grc' dir='ltr'>αὖτῶν</span> <span class='ocrx_word' id='word_1_135' title='bbox 956 1537 1132 1610; x_wconf 83' lang='grc' dir='ltr'>νῆσος</span> <span class='ocrx_word' id='word_1_136' title='bbox 1146 1533 1509 1614; x_wconf 78' lang='grc' dir='ltr'>ἅποκληῖσθῇ</span> <span class='ocrx_word' id='word_1_137' title='bbox 1526 1533 1726 1595; x_wconf 88' lang='grc' dir='ltr'>τούτου</span> <span class='ocrx_word' id='word_1_138' title='bbox 1744 1536 1939 1609; x_wconf 81' lang='grc' dir='ltr'>εἵνεκα,</span> 
     </span>
     <span class='ocr_line' id='line_1_18' title="bbox 339 1621 1941 1706; baseline 0.004 -27"><span class='ocrx_word' id='word_1_139' title='bbox 339 1621 481 1699; x_wconf 81' lang='grc' dir='ltr'>πρὸς</span> <span class='ocrx_word' id='word_1_140' title='bbox 517 1627 694 1683; x_wconf 82' lang='grc' dir='ltr'>ταῦτα</span> <span class='ocrx_word' id='word_1_141' title='bbox 734 1626 788 1683; x_wconf 82' lang='grc' dir='ltr'>οἱ</span> <span class='ocrx_word' id='word_1_142' title='bbox 819 1622 1090 1685; x_wconf 88' lang='grc' dir='ltr'>Φωκαιέες</span> <span class='ocrx_word' id='word_1_143' title='bbox 1125 1622 1467 1684; x_wconf 82' lang='grc' dir='ltr'>ἐστέλλοντο</span> <span class='ocrx_word' id='word_1_144' title='bbox 1494 1628 1551 1686; x_wconf 90' lang='grc' dir='ltr'>ε’ς</span> <span class='ocrx_word' id='word_1_145' title='bbox 1564 1622 1816 1701; x_wconf 67' lang='grc' dir='ltr'>’Κύρνον</span> <span class='ocrx_word' id='word_1_146' title='bbox 1856 1625 1941 1706; x_wconf 86' lang='grc' dir='ltr'>(ἐν</span> 
     </span>
     <span class='ocr_line' id='line_1_19' title="bbox 334 1707 1939 1791; baseline 0.001 -21"><span class='ocrx_word' id='word_1_147' title='bbox 334 1709 446 1791; x_wconf 73' lang='grc' dir='ltr'>γσῖρ</span> <span class='ocrx_word' id='word_1_148' title='bbox 483 1715 558 1789; x_wconf 80' lang='grc' dir='ltr'>τῇ</span> <span class='ocrx_word' id='word_1_149' title='bbox 588 1709 786 1791; x_wconf 78' lang='grc' dir='ltr'>Κύρνῳ</span> <span class='ocrx_word' id='word_1_150' title='bbox 812 1711 992 1783; x_wconf 75' lang='grc' dir='ltr'>εἴκοσι</span> <span class='ocrx_word' id='word_1_151' title='bbox 1027 1710 1178 1770; x_wconf 80' lang='grc' dir='ltr'>ἔτεσι</span> <span class='ocrx_word' id='word_1_152' title='bbox 1201 1707 1473 1787; x_wconf 88' lang='grc' dir='ltr'>πρότερον</span> <span class='ocrx_word' id='word_1_153' title='bbox 1496 1710 1705 1771; x_wconf 82' lang='grc' dir='ltr'>τούτων</span> <span class='ocrx_word' id='word_1_154' title='bbox 1732 1716 1793 1771; x_wconf 86' lang='grc' dir='ltr'>ἐκ</span> <span class='ocrx_word' id='word_1_155' title='bbox 1820 1712 1939 1771; x_wconf 84' lang='grc' dir='ltr'>θεο-</span> 
     </span>
     <span class='ocr_line' id='line_1_20' title="bbox 336 1796 1939 1877; baseline 0 -19"><span class='ocrx_word' id='word_1_156' title='bbox 336 1800 580 1876; x_wconf 87' lang='grc' dir='ltr'>προπίου</span> <span class='ocrx_word' id='word_1_157' title='bbox 604 1798 994 1875; x_wconf 76' lang='grc' dir='ltr'>ἀνεστήσαντο</span> <span class='ocrx_word' id='word_1_158' title='bbox 1023 1797 1211 1869; x_wconf 85' lang='grc' dir='ltr'>πόλιν,</span> <span class='ocrx_word' id='word_1_159' title='bbox 1238 1801 1311 1876; x_wconf 78' lang='grc' dir='ltr'>τῇ</span> <span class='ocrx_word' id='word_1_160' title='bbox 1348 1796 1559 1876; x_wconf 77' lang='grc' dir='ltr'>οὕνομα</span> <span class='ocrx_word' id='word_1_161' title='bbox 1582 1797 1653 1875; x_wconf 87' lang='grc' dir='ltr'>ἦν</span> <span class='ocrx_word' id='word_1_162' title='bbox 1676 1797 1939 1877; x_wconf 83' lang='grc' dir='ltr'>Ἀλαλίη·</span> 
     </span>
     <span class='ocr_line' id='line_1_21' title="bbox 335 1885 1937 1968; baseline -0.001 -22"><span class='ocrx_word' id='word_1_163' title='bbox 335 1885 740 1968; x_wconf 76' lang='grc' dir='ltr'>Ἀργανθώνιος</span> <span class='ocrx_word' id='word_1_164' title='bbox 763 1888 826 1947; x_wconf 81' lang='grc' dir='ltr'>δὲ</span> <span class='ocrx_word' id='word_1_165' title='bbox 841 1890 1149 1963; x_wconf 72' lang='grc' dir='ltr'>τηνικαῦτα</span> <span class='ocrx_word' id='word_1_166' title='bbox 1173 1885 1281 1962; x_wconf 87' lang='grc' dir='ltr'>ἤδη</span> <span class='ocrx_word' id='word_1_167' title='bbox 1304 1885 1743 1967; x_wconf 72' lang='grc' dir='ltr'>τετελειη-ήκεε·)</span> <span class='ocrx_word' id='word_1_168' title='bbox 1770 1890 1937 1947; x_wconf 89' lang='grc' dir='ltr'>στελ-</span> 
     </span>
     <span class='ocr_line' id='line_1_22' title="bbox 336 1973 1939 2052; baseline -0.001 -18"><span class='ocrx_word' id='word_1_169' title='bbox 336 1974 568 2051; x_wconf 85' lang='grc' dir='ltr'>λόμενοι</span> <span class='ocrx_word' id='word_1_170' title='bbox 601 1975 662 2035; x_wconf 77' lang='grc' dir='ltr'>δὲ</span> <span class='ocrx_word' id='word_1_171' title='bbox 692 1976 784 2035; x_wconf 85' lang='grc' dir='ltr'>ἐπὶ</span> <span class='ocrx_word' id='word_1_172' title='bbox 817 1974 922 2052; x_wconf 68' lang='grc' dir='ltr'>τὴν</span> <span class='ocrx_word' id='word_1_173' title='bbox 953 1974 1193 2051; x_wconf 81' lang='grc' dir='ltr'>Κύρνον,</span> <span class='ocrx_word' id='word_1_174' title='bbox 1226 1977 1419 2052; x_wconf 78' lang='grc' dir='ltr'>πρῶτα</span> <span class='ocrx_word' id='word_1_175' title='bbox 1452 1973 1939 2039; x_wconf 87' lang='grc' dir='ltr'>καταπλεύσαντες</span> 
     </span>
     <span class='ocr_line' id='line_1_23' title="bbox 339 2060 1939 2139; baseline 0.001 -19"><span class='ocrx_word' id='word_1_176' title='bbox 339 2064 395 2124; x_wconf 87' lang='grc' dir='ltr'>ἐς</span> <span class='ocrx_word' id='word_1_177' title='bbox 442 2061 546 2138; x_wconf 79' lang='grc' dir='ltr'>τήν</span> <span class='ocrx_word' id='word_1_178' title='bbox 595 2065 849 2139; x_wconf 88' lang='grc' dir='ltr'>Φωκαίην</span> <span class='ocrx_word' id='word_1_179' title='bbox 896 2061 1314 2139; x_wconf 83' lang='grc' dir='ltr'>κατεφόνευσαν</span> <span class='ocrx_word' id='word_1_180' title='bbox 1354 2066 1467 2122; x_wconf 76' lang='grc' dir='ltr'>τῶν</span> <span class='ocrx_word' id='word_1_181' title='bbox 1518 2061 1787 2138; x_wconf 87' lang='grc' dir='ltr'>Περσέων</span> <span class='ocrx_word' id='word_1_182' title='bbox 1834 2060 1939 2137; x_wconf 71' lang='grc' dir='ltr'>τὴν</span> 
     </span>
     <span class='ocr_line' id='line_1_24' title="bbox 337 2147 1939 2230; baseline 0 -22"><span class='ocrx_word' id='word_1_183' title='bbox 337 2148 616 2226; x_wconf 79' lang='grc' dir='ltr'>φυλακὴν,</span> <span class='ocrx_word' id='word_1_184' title='bbox 646 2149 684 2227; x_wconf 81' lang='grc' dir='ltr'><strong><em>ἦ</em></strong></span> <span class='ocrx_word' id='word_1_185' title='bbox 716 2150 983 2228; x_wconf 86' lang='grc' dir='ltr'>ἐφρούρεε</span> <span class='ocrx_word' id='word_1_186' title='bbox 1011 2149 1433 2228; x_wconf 80' lang='grc' dir='ltr'>παραδεξαμένη</span> <span class='ocrx_word' id='word_1_187' title='bbox 1467 2148 1623 2227; x_wconf 74' lang='grc' dir='ltr'>παραὶ</span> <span class='ocrx_word' id='word_1_188' title='bbox 1650 2147 1939 2230; x_wconf 78' lang='grc' dir='ltr'>Ἀρπάγου</span> 
     </span>
     <span class='ocr_line' id='line_1_25' title="bbox 335 2234 1936 2319; baseline -0.001 -22"><span class='ocrx_word' id='word_1_189' title='bbox 335 2235 442 2312; x_wconf 67' lang='grc' dir='ltr'>τὴν</span> <span class='ocrx_word' id='word_1_190' title='bbox 462 2236 652 2297; x_wconf 88' lang='grc' dir='ltr'>πόλιν·</span> <span class='ocrx_word' id='word_1_191' title='bbox 690 2238 834 2314; x_wconf 71' lang='grc' dir='ltr'>μετὰ</span> <span class='ocrx_word' id='word_1_192' title='bbox 869 2238 946 2308; x_wconf 79' lang='grc' dir='ltr'>δὲ,</span> <span class='ocrx_word' id='word_1_193' title='bbox 975 2238 1046 2302; x_wconf 80' lang='grc' dir='ltr'>ὥς</span> <span class='ocrx_word' id='word_1_194' title='bbox 1066 2236 1236 2297; x_wconf 84' lang='grc' dir='ltr'>τοῦτό</span> <span class='ocrx_word' id='word_1_195' title='bbox 1261 2242 1375 2313; x_wconf 88' lang='grc' dir='ltr'>σφι</span> <span class='ocrx_word' id='word_1_196' title='bbox 1400 2236 1723 2319; x_wconf 80' lang='grc' dir='ltr'>ἐξέργαστο,</span> <span class='ocrx_word' id='word_1_197' title='bbox 1752 2234 1936 2312; x_wconf 80' lang='grc' dir='ltr'>ἐποιή-</span> 
     </span>
     <span class='ocr_line' id='line_1_26' title="bbox 294 2324 1937 2405; baseline 0.001 -21"><span class='ocrx_word' id='word_1_198' title='bbox 294 2339 299 2344; x_wconf 89' lang='grc'><em>“</em></span> <span class='ocrx_word' id='word_1_199' title='bbox 336 2349 514 2385; x_wconf 91' lang='grc' dir='ltr'>σαντο</span> <span class='ocrx_word' id='word_1_200' title='bbox 566 2324 802 2405; x_wconf 70' lang='grc' dir='ltr'>ἰσχυρᾶς</span> <span class='ocrx_word' id='word_1_201' title='bbox 851 2326 1094 2403; x_wconf 81' lang='grc' dir='ltr'>κατάρας</span> <span class='ocrx_word' id='word_1_202' title='bbox 1141 2329 1221 2404; x_wconf 75' lang='grc' dir='ltr'>τῷ</span> <span class='ocrx_word' id='word_1_203' title='bbox 1263 2324 1684 2405; x_wconf 74' lang='grc' dir='ltr'>ὕπολειπομένῳ</span> <span class='ocrx_word' id='word_1_204' title='bbox 1728 2328 1937 2387; x_wconf 72' lang='grc' dir='ltr'>ἑωυτῶν</span> 
     </span>
     <span class='ocr_line' id='line_1_27' title="bbox 333 2412 1935 2493; baseline 0.001 -21"><span class='ocrx_word' id='word_1_205' title='bbox 333 2417 437 2472; x_wconf 82' lang='grc' dir='ltr'>τοῦ</span> <span class='ocrx_word' id='word_1_206' title='bbox 478 2413 709 2474; x_wconf 86' lang='grc' dir='ltr'>στόλου·</span> <span class='ocrx_word' id='word_1_207' title='bbox 750 2412 890 2493; x_wconf 69' lang='grc' dir='ltr'>πρὸς</span> <span class='ocrx_word' id='word_1_208' title='bbox 928 2414 989 2474; x_wconf 79' lang='grc' dir='ltr'>δὲ</span> <span class='ocrx_word' id='word_1_209' title='bbox 1017 2412 1273 2493; x_wconf 82' lang='grc' dir='ltr'>ταύτῃσι,</span> <span class='ocrx_word' id='word_1_210' title='bbox 1310 2413 1403 2473; x_wconf 85' lang='grc' dir='ltr'>καὶ</span> <span class='ocrx_word' id='word_1_211' title='bbox 1434 2413 1644 2491; x_wconf 84' lang='grc' dir='ltr'>μύδρον</span> <span class='ocrx_word' id='word_1_212' title='bbox 1677 2412 1935 2491; x_wconf 83' lang='grc' dir='ltr'>σιδήρεον</span> 
     </span>
     <span class='ocr_line' id='line_1_28' title="bbox 335 2500 1934 2579; baseline 0.002 -21"><span class='ocrx_word' id='word_1_213' title='bbox 335 2501 762 2563; x_wconf 82' lang='grc' dir='ltr'>κατεπόντωσαν</span> <span class='ocrx_word' id='word_1_214' title='bbox 813 2502 908 2562; x_wconf 82' lang='grc' dir='ltr'>καὶ</span> <span class='ocrx_word' id='word_1_215' title='bbox 959 2500 1189 2579; x_wconf 77' lang='grc' dir='ltr'>ὤμοσαν</span> <span class='ocrx_word' id='word_1_216' title='bbox 1236 2512 1273 2538; x_wconf 87' lang='grc'><strong>“</strong></span> <span class='ocrx_word' id='word_1_217' title='bbox 1287 2500 1368 2578; x_wconf 82' lang='grc' dir='ltr'><em>μή</em></span> <span class='ocrx_word' id='word_1_218' title='bbox 1411 2502 1544 2579; x_wconf 88' lang='grc' dir='ltr'>πρὶν</span> <span class='ocrx_word' id='word_1_219' title='bbox 1585 2507 1641 2566; x_wconf 89' lang='grc' dir='ltr'>ἐς</span> <span class='ocrx_word' id='word_1_220' title='bbox 1682 2502 1934 2578; x_wconf 85' lang='grc' dir='ltr'>Φωκαίην</span> 
     </span>
     <span class='ocr_line' id='line_1_29' title="bbox 333 2587 1931 2668; baseline 0.001 -21"><span class='ocrx_word' id='word_1_221' title='bbox 333 2587 516 2664; x_wconf 62' lang='grc' dir='ltr'>ἥξειν,</span> <span class='ocrx_word' id='word_1_222' title='bbox 542 2591 674 2668; x_wconf 88' lang='grc' dir='ltr'>πρὶν</span> <span class='ocrx_word' id='word_1_223' title='bbox 705 2588 744 2666; x_wconf 85' lang='grc' dir='ltr'>ἢ</span> <span class='ocrx_word' id='word_1_224' title='bbox 778 2589 880 2651; x_wconf 79' lang='grc' dir='ltr'>τᾶν</span> <span class='ocrx_word' id='word_1_225' title='bbox 913 2590 1122 2668; x_wconf 88' lang='grc' dir='ltr'>μύδρον</span> <span class='ocrx_word' id='word_1_226' title='bbox 1155 2591 1355 2650; x_wconf 81' lang='grc' dir='ltr'>τοῦτον</span> <span class='ocrx_word' id='word_1_227' title='bbox 1394 2588 1727 2668; x_wconf 52' lang='lat' dir='ltr'>&amp;affrae-&#39;⁹</span> <span class='ocrx_word' id='word_1_228' title='bbox 1766 2593 1931 2649; x_wconf 88' lang='grc' dir='ltr'>στελ-</span> 
     </span>
     <span class='ocr_line' id='line_1_30' title="bbox 331 2676 1934 2754; baseline 0 -19"><span class='ocrx_word' id='word_1_229' title='bbox 331 2678 582 2753; x_wconf 87' lang='grc' dir='ltr'>λομένων</span> <span class='ocrx_word' id='word_1_230' title='bbox 605 2678 666 2738; x_wconf 82' lang='grc' dir='ltr'>δὲ</span> <span class='ocrx_word' id='word_1_231' title='bbox 691 2677 869 2739; x_wconf 73' lang='grc' dir='ltr'>αὐτῶν</span> <span class='ocrx_word' id='word_1_232' title='bbox 896 2679 987 2737; x_wconf 82' lang='grc' dir='ltr'>ἐπὶ</span> <span class='ocrx_word' id='word_1_233' title='bbox 1010 2677 1113 2754; x_wconf 78' lang='grc' dir='ltr'>τὴν</span> <span class='ocrx_word' id='word_1_234' title='bbox 1133 2676 1534 2754; x_wconf 73' lang='grc' dir='ltr'>Κύρνον,·ὁπὲρ</span> <span class='ocrx_word' id='word_1_235' title='bbox 1560 2676 1801 2754; x_wconf 78' lang='grc' dir='ltr'>ἡμίσεας</span> <span class='ocrx_word' id='word_1_236' title='bbox 1823 2681 1934 2736; x_wconf 78' lang='grc' dir='ltr'>τῶν</span> 
     </span>
     <span class='ocr_line' id='line_1_31' title="bbox 333 2762 1934 2842; baseline -0.001 -17"><span class='ocrx_word' id='word_1_237' title='bbox 333 2762 521 2825; x_wconf 75' lang='grc' dir='ltr'>ἀστῶν</span> <span class='ocrx_word' id='word_1_238' title='bbox 546 2766 722 2842; x_wconf 81' lang='grc' dir='ltr'>ἔλαβε</span> <span class='ocrx_word' id='word_1_239' title='bbox 746 2765 920 2830; x_wconf 88' lang='grc' dir='ltr'>πόθος</span> <span class='ocrx_word' id='word_1_240' title='bbox 943 2792 1006 2827; x_wconf 94' lang='grc' dir='ltr'>τε</span> <span class='ocrx_word' id='word_1_241' title='bbox 1033 2766 1125 2824; x_wconf 83' lang='grc' dir='ltr'>καὶ</span> <span class='ocrx_word' id='word_1_242' title='bbox 1152 2764 1333 2829; x_wconf 81' lang='grc' dir='ltr'>οἶκτος</span> <span class='ocrx_word' id='word_1_243' title='bbox 1357 2768 1459 2841; x_wconf 81' lang='grc' dir='ltr'>τῆς</span> <span class='ocrx_word' id='word_1_244' title='bbox 1481 2764 1681 2828; x_wconf 89' lang='grc' dir='ltr'>πόλιος</span> <span class='ocrx_word' id='word_1_245' title='bbox 1706 2766 1799 2824; x_wconf 88' lang='grc' dir='ltr'>καὶ</span> <span class='ocrx_word' id='word_1_246' title='bbox 1822 2769 1934 2825; x_wconf 79' lang='grc' dir='ltr'>τῶν</span> 
     </span>
     <span class='ocr_line' id='line_1_32' title="bbox 331 2851 1933 2933; baseline -0.001 -21"><span class='ocrx_word' id='word_1_247' title='bbox 331 2851 510 2928; x_wconf 82' lang='grc' dir='ltr'>ἠθέων</span> <span class='ocrx_word' id='word_1_248' title='bbox 532 2858 633 2930; x_wconf 82' lang='grc' dir='ltr'>τῆς</span> <span class='ocrx_word' id='word_1_249' title='bbox 655 2852 856 2932; x_wconf 53' lang='grc' dir='ltr'>χώρης·</span> <span class='ocrx_word' id='word_1_250' title='bbox 891 2852 1209 2933; x_wconf 79' lang='grc' dir='ltr'>ψευδόρκιοι</span> <span class='ocrx_word' id='word_1_251' title='bbox 1235 2851 1296 2911; x_wconf 82' lang='grc' dir='ltr'>δὲ</span> <span class='ocrx_word' id='word_1_252' title='bbox 1319 2851 1621 2933; x_wconf 88' lang='grc' dir='ltr'>γενόμενοι,</span> <span class='ocrx_word' id='word_1_253' title='bbox 1649 2852 1933 2912; x_wconf 78' lang='grc' dir='ltr'>ἀπέπλεον</span> 
     </span>
     <span class='ocr_line' id='line_1_33' title="bbox 331 2938 1928 3019; baseline -0.001 -19"><span class='ocrx_word' id='word_1_254' title='bbox 331 2938 518 3001; x_wconf 79' lang='grc' dir='ltr'>ὀπίσω</span> <span class='ocrx_word' id='word_1_255' title='bbox 548 2946 603 3004; x_wconf 90' lang='grc' dir='ltr'>ἐς</span> <span class='ocrx_word' id='word_1_256' title='bbox 633 2942 737 3017; x_wconf 77' lang='grc' dir='ltr'>τήν</span> <span class='ocrx_word' id='word_1_257' title='bbox 761 2942 1032 3017; x_wconf 87' lang='grc' dir='ltr'>Φωκαίην·</span> <span class='ocrx_word' id='word_1_258' title='bbox 1075 2940 1129 3000; x_wconf 78' lang='grc' dir='ltr'>οἳ</span> <span class='ocrx_word' id='word_1_259' title='bbox 1164 2940 1223 3000; x_wconf 84' lang='grc' dir='ltr'>δὲ</span> <span class='ocrx_word' id='word_1_260' title='bbox 1264 2939 1441 3001; x_wconf 76' lang='grc' dir='ltr'>αὐτῶν</span> <span class='ocrx_word' id='word_1_261' title='bbox 1476 2940 1543 3000; x_wconf 79' lang='grc' dir='ltr'>τὸ</span> <span class='ocrx_word' id='word_1_262' title='bbox 1576 2940 1780 3019; x_wconf 45' lang='grc' dir='ltr'>ὅρκιον,</span> <span class='ocrx_word' id='word_1_263' title='bbox 1799 2939 1928 3016; x_wconf 85' lang='grc' dir='ltr'>ἐφύ-</span> 
     </span>
     <span class='ocr_line' id='line_1_34' title="bbox 330 3027 2025 3106; baseline -0.001 -17"><span class='ocrx_word' id='word_1_264' title='bbox 330 3031 574 3099; x_wconf 87' lang='grc' dir='ltr'>λασσον,</span> <span class='ocrx_word' id='word_1_265' title='bbox 591 3028 874 3106; x_wconf 75' lang='grc' dir='ltr'>ἀερθέντες</span> <span class='ocrx_word' id='word_1_266' title='bbox 892 3033 954 3089; x_wconf 88' lang='grc' dir='ltr'>ἐκ</span> <span class='ocrx_word' id='word_1_267' title='bbox 971 3033 1081 3089; x_wconf 72' lang='grc' dir='ltr'>τῶν</span> <span class='ocrx_word' id='word_1_268' title='bbox 1098 3028 1455 3089; x_wconf 81' lang='grc' dir='ltr'>Οἰνουσσέων</span> <span class='ocrx_word' id='word_1_269' title='bbox 1474 3028 1693 3087; x_wconf 80' lang='grc' dir='ltr'>ἔπλεον.</span> <span class='ocrx_word' id='word_1_270' title='bbox 1732 3027 1896 3086; x_wconf 85' lang='grc' dir='ltr'>Ἐπεί</span> <span class='ocrx_word' id='word_1_271' title='bbox 1912 3028 2025 3087; x_wconf 86' lang='grc'>166</span> 
     </span>
     <span class='ocr_line' id='line_1_35' title="bbox 329 3113 1931 3194; baseline -0.002 -19"><span class='ocrx_word' id='word_1_272' title='bbox 329 3142 393 3176; x_wconf 89' lang='grc' dir='ltr'>τε</span> <span class='ocrx_word' id='word_1_273' title='bbox 418 3118 477 3177; x_wconf 79' lang='grc' dir='ltr'>δὲ</span> <span class='ocrx_word' id='word_1_274' title='bbox 504 3122 560 3181; x_wconf 89' lang='grc' dir='ltr'>ἐς</span> <span class='ocrx_word' id='word_1_275' title='bbox 582 3116 686 3192; x_wconf 71' lang='grc' dir='ltr'>τὴν</span> <span class='ocrx_word' id='word_1_276' title='bbox 711 3116 932 3194; x_wconf 85' lang='grc' dir='ltr'>Κύρνον</span> <span class='ocrx_word' id='word_1_277' title='bbox 956 3116 1241 3187; x_wconf 76' lang='grc' dir='ltr'>ἀπίκοντο,</span> <span class='ocrx_word' id='word_1_278' title='bbox 1269 3116 1448 3175; x_wconf 77' lang='grc' dir='ltr'>οἴκεον</span> <span class='ocrx_word' id='word_1_279' title='bbox 1474 3119 1629 3192; x_wconf 77' lang='grc' dir='ltr'>κοινῇ</span> <span class='ocrx_word' id='word_1_280' title='bbox 1654 3113 1797 3189; x_wconf 74' lang='grc' dir='ltr'>μετὰ</span> <span class='ocrx_word' id='word_1_281' title='bbox 1822 3116 1931 3172; x_wconf 77' lang='grc' dir='ltr'>τῶν</span> 
     </span>
     <span class='ocr_line' id='line_1_36' title="bbox 329 3196 1930 3284; baseline -0.005 -21"><span class='ocrx_word' id='word_1_282' title='bbox 329 3204 600 3284; x_wconf 90' lang='grc' dir='ltr'>πρότερον</span> <span class='ocrx_word' id='word_1_283' title='bbox 630 3203 977 3280; x_wconf 74' lang='grc' dir='ltr'>ἀπικομένων</span> <span class='ocrx_word' id='word_1_284' title='bbox 1008 3202 1091 3261; x_wconf 83' lang='grc' dir='ltr'>ἐπ’</span> <span class='ocrx_word' id='word_1_285' title='bbox 1118 3205 1242 3263; x_wconf 83' lang='grc' dir='ltr'>ἔτεα</span> <span class='ocrx_word' id='word_1_286' title='bbox 1272 3203 1437 3262; x_wconf 87' lang='grc' dir='ltr'>πέντε</span> <span class='ocrx_word' id='word_1_287' title='bbox 1472 3201 1565 3260; x_wconf 85' lang='grc' dir='ltr'>καὶ</span> <span class='ocrx_word' id='word_1_288' title='bbox 1601 3199 1693 3276; x_wconf 80' lang='grc' dir='ltr'>ἱροὶ</span> <span class='ocrx_word' id='word_1_289' title='bbox 1729 3196 1930 3274; x_wconf 86' lang='grc' dir='ltr'>ἐνιδρύ-</span> 
     </span>
     <span class='ocr_line' id='line_1_37' title="bbox 327 3284 1931 3379; baseline -0.007 -24"><span class='ocrx_word' id='word_1_290' title='bbox 327 3318 522 3356; x_wconf 89' lang='grc' dir='ltr'>σαντο·</span> <span class='ocrx_word' id='word_1_291' title='bbox 565 3294 658 3355; x_wconf 87' lang='grc' dir='ltr'>καὶ</span> <span class='ocrx_word' id='word_1_292' title='bbox 685 3292 824 3375; x_wconf 83' lang='grc' dir='ltr'>ἄγον</span> <span class='ocrx_word' id='word_1_293' title='bbox 847 3290 960 3373; x_wconf 71' lang='grc' dir='ltr'>γὰρ</span> <span class='ocrx_word' id='word_1_294' title='bbox 985 3290 1055 3368; x_wconf 78' lang='grc' dir='ltr'>δὴ</span> <span class='ocrx_word' id='word_1_295' title='bbox 1091 3291 1185 3350; x_wconf 83' lang='grc' dir='ltr'>καὶ</span> <span class='ocrx_word' id='word_1_296' title='bbox 1221 3290 1423 3368; x_wconf 83' lang='grc' dir='ltr'>ἔφερον</span> <span class='ocrx_word' id='word_1_297' title='bbox 1460 3286 1588 3349; x_wconf 82' lang='grc' dir='ltr'>τούς</span> <span class='ocrx_word' id='word_1_298' title='bbox 1622 3284 1931 3379; x_wconf 84' lang='grc' dir='ltr'>περιοίκους</span> 
     </span>
    </p>
   </div>
  </div>
 </body>
</html>
