2267 3517
269 108 366 158 190
885 111 1251 162 ‘HPOAOTOT
1760 108 1861 172 [11.

269 211 367 248 σιν
391 187 825 250 καταπαύσοντα
851 189 1098 272 λόγοισι·
1141 189 1173 250 ὁ
1200 189 1259 249 δὲ
1298 189 1423 249 ἐπεί
1442 213 1505 249 τε
1537 186 1873 264 ἀπικόμενος

271 273 667 351 κατελάμβανε
715 275 846 340 τούς
897 277 1250 358 Αἰγυπτίους,
1302 279 1479 336 ταῦτα
1530 275 1611 352 μὴ
1663 275 1871 334 ποιέειν

272 361 534 441 λέγοντος
589 361 775 433 αὐτοῦ,
821 367 933 424 τῶν
976 390 1063 428 τις
1110 364 1428 446 Αἰγυπτίων
1479 361 1685 422 ὄπισθε
1731 362 1871 426 στὰς

271 449 566 525 περιέθηκέ
603 453 658 509 οἱ
698 451 908 527 κυνέην,
937 453 1031 511 καὶ
1068 451 1369 529 περιτιθεὶς
1402 451 1512 527 ἔφη
1539 460 1575 486 “
1584 451 1675 509 ἐπὶ
1699 451 1871 526 βασι-

273 535 408 614 ληίῃ
435 536 822 614 περιτιθέναι.”
895 539 987 598 καὶ
1011 542 1088 618 τῷ
1115 537 1183 598 οὔ
1210 564 1315 601 κως
1341 537 1637 597 ἀεκούσιον
1662 538 1873 617 ἐγίνετο

272 621 341 682 τὰ
367 622 710 701 ποιεύμενον,
739 625 811 689 ὥς
836 625 1144 687 διεδείκνυε·
1189 626 1313 685 ἐπεί
1332 650 1395 685 τε
1420 623 1531 706 γὰρ
1559 624 1875 700 ἐστήσαντό

274 735 373 787 μιν
409 712 664 787 βασιλέα
701 716 812 773 τῶν
849 715 1166 796 Αἰγυπτίων
1206 716 1261 773 οἶ
1306 712 1667 782 ἀπεστεῶτες,
1706 735 1873 790 παρε-

276 797 578 870 σκευάζετο
617 827 690 865 ως
729 805 872 862 ἐλῶν
905 801 1000 862 ἐπὶ
1029 800 1129 862 τόν
1156 800 1413 878 Ἀπρίην·
1466 800 1779 877 πυθόμενος
1815 799 1877 860 δὲ

276 889 453 947 ταῦτα
477 915 510 948 ο
534 886 842 966 Ἀπρίης,”
813 913 1024 967 επεμπε
1051 888 1134 948 ἐπ’
1153 889 1407 967 *Αμασιν
1442 885 1617 965 ανδρα
1647 886 1877 964 δόκιμον

277 976 388 1034 τῶν
425 967 553 1053 περὶ
593 977 790 1038 ἑωυτὸν
816 978 1147 1058 Αἰγυπτίων,
1173 981 1251 1036 τῶ
1291 974 1501 1052 οὕνομα
1540 974 1611 1050 ἦν
1648 973 1874 1052 Πατάρ-

277 1062 473 1139 βημις,
526 1064 906 1141 ἐντειλάμενος
951 1064 1096 1145 αὐτῷ
1136 1065 1312 1136 ζῶντα
1352 1062 1609 1141 Ἀμασιν
1647 1061 1878 1144 ἀγαγεῖν

279 1149 410 1227 παρ’
437 1151 653 1212 ἑωυτόν·
695 1152 768 1216 ὥς
801 1153 861 1212 δὲ
895 1151 1231 1230 ἀπικόμενος
1269 1150 1371 1212 τὸν
1400 1151 1657 1228 Ἀμασιν
1684 1150 1878 1210 ἐκάλεε

281 1237 315 1297 ὅ
361 1239 757 1317 Πατάρβημις,
811 1239 844 1300 ὁ
884 1238 1137 1317 Ἀμασις
1184 1239 1368 1320 (ἔτυχε
1420 1239 1531 1321 γοίρ
1576 1237 1662 1297 ἐπ’
1706 1238 1879 1298 ἵππου
1912 1245 1915 1248 ’

281 1325 607 1408 κατήμενος)
645 1326 854 1405 ἐπάρας
887 1326 1255 1406 οἶπεματάϊσε,
1286 1328 1379 1386 καὶ
1419 1325 1588 1387 τοῦτό
1628 1350 1725 1404 μιν
1760 1327 1877 1386 ’ἐκέ-

281 1415 412 1472 λευε
455 1412 660 1494 Ἀπρίῃ
701 1413 957 1497 α’πάγειν·
1025 1413 1173 1492 ὅμως
1213 1415 1273 1474 δὲ
1326 1412 1495 1475 αὖτὸν
1548 1412 1736 1484 ἀξιοῦν
1780 1412 1881 1474 τόν

282 1499 678 1578 Πατάρβημιν,
716 1501 996 1577 βασιλέος
1027 1501 1549 1579 μεταπεμπομένου,
1580 1501 1715 1561 ἰέναι
1740 1500 1881 1577 πρὸς

283 1585 469 1648 αὐτόν·
507 1588 608 1648 τὸν
644 1589 703 1648 δὲ
729 1587 876 1669 αὐτῷ
911 1588 1327 1668 ὖποκρίνεσθαι,
1358 1588 1429 1652 ὥς
1456 1593 1675 1649 ((ταΰτα
1701 1588 1881 1647 πάλαι

281 1676 724 1754 παρεσκευάζετο
791 1677 1014 1748 ποιέειν,
1069 1676 1163 1736 καὶ
1216 1677 1361 1756 αὐτῷ
1427 1674 1493 1736 οὗ
1554 1676 1881 1754 μέμψεσθαι

280 1761 536 1841 Ἀπρίην·
611 1765 963 1843 παρέσεσθαι
1013 1765 1125 1846 γοὶρ
1180 1765 1275 1824 καὶ
1314 1761 1480 1827 αὖτός
1533 1763 1625 1823 καὶ
1671 1762 1883 1828 ἄλλους

281 1848 482 1921 ἄξειν.ω
551 1853 652 1914 τὸν
693 1853 754 1914 δὲ
793 1852 1247 1932 Πατάρβημιν”
1216 1879 1277 1912 εκ
1314 1876 1378 1913 τε
1412 1854 1527 1915 τῶν
1565 1852 1883 1932 λεγομένων

283 1937 385 1999 οὐκ
436 1939 656 2024 ἀγνοεῖν
707 1967 810 2019 την
862 1939 1125 2012 διάνοιαν,
1181 1941 1274 2002 καὶ
1326 1939 1884 2019 παρασκευαζόμενον

283 2026 514 2105 ὄρέοντα
553 2030 773 2110 σπουδῇ
813 2029 1050 2101 ἀπιέναι,
1077 2027 1433 2109 βουλόμενον
1468 2027 1576 2104 τὴν
1605 2028 1885 2107 ταχίστην

281 2116 523 2191 βασιλέϊ
557 2119 810 2196 δηλῶσαι
843 2118 917 2179 τοὶ
951 2117 1345 2196 πρησσόμενα·
1388 2115 1458 2180 ὦς
1491 2115 1553 2174 δὲ
1582 2115 1885 2177 ἀπικέσθαι

285 2203 453 2266 αὖτόν
503 2207 644 2284 πρὸς
682 2207 781 2267 τᾶν
817 2206 1057 2283 Ἀπρίην
1097 2205 1197 2266 οὔκ
1238 2204 1447 2285 ἄγοντα
1484 2203 1585 2264 τόν
1612 2202 1882 2281 Ἄμασιν,

285 2291 480 2352 οὐδένα
509 2293 686 2373 λόγον
726 2292 872 2372 αὐτῷ
911 2293 1079 2354 δόντα
1119 2292 1277 2352 ἀλλοὶ
1317 2291 1630 2373 περιθύμως
1667 2293 1882 2371 ἔχοντα,
1942 2287 1949 2294 ’

285 2384 609 2457 περιταμεῖν
655 2379 974 2458 προστάξαι
1025 2379 1195 2440 αὐτοῦ
1247 2378 1321 2440 τά
1364 2404 1427 2440 τε
1476 2378 1588 2439 ὦτα
1641 2380 1735 2439 καὶ
1784 2380 1911 2457 τὴν·

283 2469 428 2544 ῥῖνα·
471 2466 712 2546 ἰδόμενοι
738 2467 784 2528 δ’
813 2471 869 2528 οἱ
903 2468 1097 2528 λοιποὶ
1125 2471 1237 2528 τῶν
1262 2469 1595 2548 Αἰγιηττίων,
1625 2466 1680 2528 οἳ
1710 2468 1790 2528 ἔτι
1813 2468 1887 2528 τοὶ

285 2554 496 2616 ἐκείνου
550 2555 832 2633 ἐφρόνεον,
888 2554 1062 2634 ἄνδρα
1111 2554 1215 2616 τὸν
1260 2555 1638 2633 δοκιμώτατον
1679 2559 1888 2616 ἑωυτῶν

289 2641 432 2702 οὕτω
467 2639 715 2723 αἰσχρῶς
747 2643 900 2722 λύμῃ
941 2644 1302 2721 διακείμενον,
1333 2642 1531 2704 οὐδένα
1570 2643 1639 2719 δὴ
1680 2641 1888 2722 χρόνον

287 2730 611 2811 ἐπισχόντες
647 2731 955 2794 ἀπιστέατο
989 2732 1132 2812 πρός
1164 2731 1295 2796 τούς
1328 2732 1561 2809 ἐτέρους,
1588 2731 1681 2791 καὶ
1718 2730 1889 2792 ἐδίδο-

191 2820 307 2879 163
327 2843 438 2880 σαν
498 2820 682 2895 σφέας
733 2819 932 2885 αὐτοῦς
988 2819 1218 2898 Ἀμάσι.
1306 2818 1631 2897 Πυθόμενος
1684 2819 1745 2878 δὲ
1796 2817 1890 2877 καὶ

284 2910 462 2966 ταῦτα
486 2907 518 2968 ὅ
541 2907 792 2985 Ἀπρίης,
823 2908 1029 2980 ὥπλιζε
1052 2908 1185 2972 τούς
1213 2906 1535 2985 ἐπικούρους
1561 2907 1653 2966 καὶ
1679 2905 1889 2986 ἤλαυνε

286 2995 378 3055 ἐπὶ
402 2995 531 3060 τοῦς
554 2997 908 3078 Αἰγιηττίους·
952 2995 1070 3076 εἶχε
1111 2996 1171 3056 δὲ
1205 2997 1336 3074 περὶ
1371 2994 1572 3055 ἑωυτὸν
1604 2992 1803 3069 Κᾶράς
1824 3017 1889 3053 τε

285 3083 378 3141 καὶ
400 3082 598 3148 Ἴωνας
631 3083 890 3162 ανδρας’
864 3082 1185 3160 επικούρους
1218 3082 1597 3160 τρισμυρίους·
1637 3079 1709 3155 ἦν
1742 3080 1805 3139 δέ
1832 3081 1888 3138 οἱ

282 3194 355 3230 τα
377 3171 716 3250 βασιλήῖα’
691 3197 750 3232 εν
776 3169 884 3236 Σάῖ
907 3170 1063 3244 πόλι,
1093 3169 1320 3252 μεγάλα
1352 3168 1514 3230 ἐόντα
1546 3167 1640 3227 καὶ
1674 3165 1889 3236 αξιοθε-

281 3279 409 3330 ητα.
489 3259 584 3318 καὶ
629 3260 691 3320 οἶ
723 3285 787 3321 τε
826 3258 956 3336 περὶ
994 3257 1095 3318 τὸν
1134 3255 1374 3333 Απρίην
1414 3255 1505 3314 ἐπὶ
1548 3277 1678 3316 τους
1719 3255 1887 3331 Αἰγυ-
