2267 3517
290 104 389 152 286
899 104 1268 154 ‘nPvom‘r
1763 107 1888 172 [IV.

288 180 458 242 αὖτόν
496 180 797 257 Ἀριστέην
828 181 1076 258 φανέντα
1109 188 1226 257 σφι
1266 185 1323 246 ἐς
1355 182 1459 258 τὴν
1483 182 1672 262 χώρην
1703 189 1890 246 κελεῦ-

289 294 393 328 σαι
416 269 616 346 βωμόν
640 267 963 330 Ἀπόλλωνι
989 268 1344 346 ἱδρύσασθαι,
1371 271 1466 330 καὶ
1490 270 1763 348 Ἀριστέω
1788 279 1892 334 τοῦ

288 357 714 433 Προκοννησίου
782 358 1090 434 ἐπωνυμίην
1153 358 1354 437 ἔχοντα
1411 357 1708 434 ἀνδριάντα
1759 361 1891 438 παρ’

288 443 457 504 αὖτόν
512 443 755 504 ἱστάναι·
822 443 999 520 φάναι
1047 445 1180 526 γὰρ,
1235 447 1348 520 σφὶ
1397 445 1500 506 vav
1550 445 1891 510 Ἀπόλλωνα

284 529 644 592 Ἰταλιωτέων
684 530 947 607 μούνοισι
985 531 1055 607 δὴ
1103 532 1406 593 ἀπικέσθαι
1447 538 1503 597 ἐς
1541 533 1645 610 τήν
1683 535 1888 614 χώρην,

288 619 381 678 καὶ
405 618 572 682 αὗτός
606 621 661 678 οἱ
692 618 928 680 ἕπεσθαι
963 620 996 679 ὁ
1032 623 1129 680 νῦν
1164 619 1267 680 ἐῶν
1297 618 1613 698 Ἀριστέης·
1653 623 1782 682 τότε
1811 625 1886 696 δὲ,

286 705 383 766 ὅτε
404 707 590 766 εἵπετο
605 710 681 785 τῷ
697 707 819 785 θεῷ,
843 705 981 766 εἶναι
1002 707 1191 784 κόραξ·
1235 708 1328 766 καὶ
1345 707 1445 768 τὸν
1463 708 1694 769 εἴπαντα
1713 714 1889 771 ταῦτα

288 792 687 870 ἀφανισθῆναι,
730 793 917 869 σφέας
960 796 1019 854 δὲ
1050 795 1490 875 (Μεταποντῖνοι
1531 795 1790 877 λέγουσι)
1823 804 1888 863 ,ἐς

289 882 553 957 Δελφοῦς
571 881 899 961 πέμψαντας
923 881 1023 942 τόν
1044 882 1173 943 θεὸν
1195 885 1493 959 ἐπειρωτᾶν
1514 883 1546 943 ὅ
1572 909 1628 943 τι
1646 884 1713 945 τὸ
1738 885 1888 960 φάσ-

283 995 367 1046 μα
390 975 489 1031 τοῦ
518 969 811 1048 ἀνθρώπου
838 971 954 1046 εἴης
987 970 1092 1046 τήν
1119 970 1179 1029 δὲ
1196 971 1417 1046 Πυθίην
1438 969 1626 1045 σφέας
1647 972 1889 1033 κελεύειν

285 1059 581 1119 πείθεσθαι
596 1063 673 1137 τῷ
690 1058 967 1136 φάσματι,
975 1058 1362 1136 πειθομένοισι
1382 1059 1441 1118 δὲ
1458 1057 1685 1136 ἄμεινον
1704 1061 1885 1120 συνοί-

286 1148 513 1208 σεσθαι·
544 1148 641 1208 καί
662 1153 846 1222 σφεας
881 1146 1209 1224 δεξαμένους
1233 1151 1410 1206 ταῦτα
1437 1151 1676 1222 ποιῆσαι
1712 1153 1884 1208 ἐπιτε-

284 1234 410 1295 λέα.
469 1237 561 1295 καὶ
596 1239 693 1296 νῦν
730 1236 930 1310 ἔστηκε
962 1235 1185 1311 οἷνδριοὶς
1221 1235 1532 1312 ἐπωνυμίην
1569 1236 1708 1314 ἔχων
1737 1235 1886 1313 Ἀρι-

286 1323 431 1382 στέω
450 1322 581 1400 παρ’
604 1321 751 1402 αύτῷ
774 1327 853 1401 τῷ
870 1321 1158 1404 ἀγάλματι
1182 1326 1284 1382 τοῦ
1309 1321 1690 1386 Ἀπόλλωνος·
1719 1323 1885 1400 πέριξ

284 1410 345 1470 δὲ
376 1410 544 1471 αὐτον
577 1410 837 1486 δάφναι”
812 1413 1033 1471 εστᾶσι·
1074 1409 1142 1470 τό
1169 1410 1229 1468 δὲ
1255 1407 1542 1492 αγαλμα’
1516 1436 1575 1470 εν
1599 1414 1671 1488 τῇ
1701 1411 1884 1492 ἀγορῇ

286 1497 517 1575 ἵδρυται.
598 1496 871 1574 Ἀριστέω
896 1496 1001 1574 μέν
1026 1523 1122 1558 νυν
1146 1496 1276 1574 πέρι
1300 1501 1552 1558 τοσαῦτα
1580 1497 1838 1574 εἰρήσθω.

190 1586 266 1645 16
364 1589 477 1660 Τῆς
515 1584 577 1644 δὲ
617 1588 739 1664 γῆς,
782 1588 883 1660 τῆς
913 1584 1043 1662 πέρι
1078 1584 1171 1645 ὅδε
1209 1583 1241 1644 ὁ
1284 1583 1460 1665 λόγος
1501 1584 1750 1663 ὥρμηται
1790 1586 1883 1645 λε’-

283 1673 504 1754 γεσθαι,
538 1670 714 1735 οὐδεὶς
744 1669 858 1731 οἶδε
886 1671 1109 1749 ἀτρεκὲς
1141 1670 1176 1732 ὅ
1213 1697 1271 1732 τι
1293 1672 1360 1732 τό
1390 1672 1702 1750 κατύπερθέ
1742 1679 1883 1733 ἐστι·

284 1759 504 1823 οὖδενός
532 1759 644 1841 γσῖρ
680 1758 749 1835 δή
790 1758 1071 1820 αὐτόπτεω
1114 1760 1313 1821 εἰδέναι
1353 1762 1608 1838 φαμένου
1651 1761 1887 1839 δύναμαι

282 1849 580 1909 πυθέσθαι·
624 1847 751 1909 οὐδὲ
778 1847 893 1929 γσῖρ
934 1848 1059 1911 οὐδὲ
1087 1848 1400 1927 Ἀριστέης,
1435 1852 1538 1910 τοῦ
1568 1875 1675 1930 περ
1711 1849 1887 1932 ὀλίγῳ

281 1936 555 2015 πρότερον
613 1936 819 1998 τούτων
881 1936 1107 2015 μνήμην
1169 1937 1480 2014 ἐποιεύμην,
1541 1937 1668 1996 οὐδὲ
1721 1937 1884 2002 οὗτος

280 2027 617 2104 προσωτέρω
634 2024 975 2100 Ἰσσηδόνων
1000 2031 1060 2086 ἐν
1086 2024 1308 2086 αὗτοῖσι
1327 2025 1664 2085 τοῖσι’·ἔπεσι
1684 2027 1885 2086 ποιέων

281 2115 463 2190 ἔφησε
502 2113 823 2174 ἀπικέσθαι·
878 2112 1033 2172 ἀλλὰ
1071 2113 1144 2172 τοὶ
1181 2112 1490 2190 κατύπερθε
1535 2114 1693 2194 ἔλεγε
1723 2112 1882 2192 ἀκοῇ,

282 2201 395 2276 φὰς
432 2200 764 2276 Ἰσσηδόνας
818 2199 956 2261 εἶναι
993 2200 1123 2263 τούς
1162 2205 1338 2260 ταῦτα
1376 2201 1665 2282 λέγοντας.
1749 2200 1881 2260 ἀλλ’

281 2286 421 2348 ὅσον
470 2290 574 2365 μὲν
623 2286 783 2364 ἡμεῖς
830 2287 1095 2365 ἀτρεκέως
1149 2289 1242 2346 ἐπὶ
1282 2287 1637 2365 μακρότατον
1680 2289 1794 2349 οἶοί
1831 2288 1883 2349 τ’

186 2375 259 2438 17
280 2374 580 2456 ἐγενόμεθα
632 2373 773 2452 ἀκοῇ
829 2375 1126 2445 ἐξικέσθαι,
1181 2379 1294 2436 πᾶν
1353 2375 1654 2454 εἰρήσεται.
1734 2376 1880 2438 'Arra

276 2466 376 2523 τοῦ
404 2461 877 2539 Βορυσθενεϊτέων
904 2463 1189 2540 ἐμπορίου,
1219 2461 1408 2542 (τοῦτο
1431 2463 1543 2546 γοῖρ
1569 2469 1680 2526 τῶν
1703 2491 1882 2543 παρα·

279 2551 610 2610 θαλασσίων
660 2549 1003 2626 μεσαίτατόν
1054 2555 1180 2610 ἐστι
1218 2549 1407 2628 πάσης
1457 2557 1558 2628 τῆς
1601 2555 1882 2634 Σκυθίης,)

276 2636 391 2698 οἶπο
438 2637 639 2697 τούτου
690 2640 903 2714 πρῶτοι
960 2638 1313 2698 Καλλιπίδαι
1367 2640 1644 2716 νέμονται,
1700 2641 1880 2704 ἐόντες

264 2724 543 2801 Ἕλληνες
587 2724 818 2789 Σκύθαι·
873 2752 1014 2803 υπερ
1058 2727 1119 2786 δε
1159 2726 1368 2788 τούτων
1411 2727 1562 2788 αλλο
1607 2730 1779 2799 ἔθνος,
1823 2730 1881 2790 οἳ

275 2810 583 2884 Ἀλάζωνες
624 2814 937 2876 καλέονται·
988 2811 1144 2875 οὗτοι
1187 2815 1248 2874 δὲ
1293 2814 1386 2873 καὶ
1427 2819 1482 2874 οἱ
1524 2816 1880 2876 Καλλιπίδαι

272 2899 346 2961 τοὶ
368 2903 473 2977 μὲν
500 2900 655 2960 ἄλλα
681 2900 821 2961 κατοὶ
846 2902 1023 2962 ταῦτοὶ
1047 2902 1304 2981 Σκύθῃσι
1333 2904 1690 2973 ἐπασκέουσι,
1713 2907 1878 2966 σῖτον

276 2987 336 3046 δὲ
377 2988 470 3048 καὶ
516 2989 817 3066 σπείρουσι
862 2988 953 3049 καὶ
995 2990 1293 3060 σιτέονται,
1334 2991 1427 3048 καὶ
1476 2989 1735 3067 κρόμμυα
1783 2991 1878 3050 καὶ

274 3074 523 3153 σκόροδα
563 3077 655 3136 καὶ
696 3075 911 3151 φακους
951 3076 1043 3134 καὶ
1084 3078 1368 3158 κέγχρους.
1451 3077 1590 3154 ὖπὲρ
1618 3078 1678 3138 δὲ
1703 3077 1876 3138 Ἀλα-

274 3162 453 3232 ζώνων
479 3164 725 3224 οἰκέουσι
752 3162 1025 3228 Σκύθαι’
989 3167 1274 3240 αροτῆρες,
1305 3190 1359 3222 οι
1391 3162 1490 3222 οὐκ
1523 3164 1614 3223 ἐπὶ
1646 3165 1877 3242 σιτήσει

274 3249 574 3325 σπείρουσι
611 3250 712 3311 τόν
751 3254 912 3311 σῖτον
952 3248 1082 3309 αλλ’
1124 3251 1216 3308 ἐπὶ
1255 3249 1485 3325 πρήσει.
1565 3251 1773 3312 τούτων
1813 3253 1876 3312 δὲ
