2267 3517
451 136 600 208 2-6]
1165 144 1389 193 mm.
2014 147 2047 193 3

447 221 578 286 τοῦς
611 228 672 283 ἐκ
711 226 812 299 τῆς
839 222 1053 298 Ἀσίης,
1085 223 1323 304 λέγουσι
1364 222 1589 300 Πέρσαι
1624 220 2045 299 ἅρπαζομενέων

446 313 557 369 τῶν
593 313 864 390 γυναικῶν
903 310 1078 392 λόγον
1117 309 1313 370 οὐδένα
1352 308 1727 385 ποιήσασθαι·
1759 310 2048 385 Ἕλληνας

447 396 509 455 δὲ
552 398 988 473 Λακεδαιμονίης
1043 397 1244 457 εἵνεκεν
1288 396 1547 477 γυναικὸς
1601 395 1815 456 στόλον
1864 398 2043 479 μέγαν

449 488 788 565 συναγεῖραι,
823 485 916 543 καὶ
953 486 1142 544 ἔπειτα
1177 484 1442 547 ἐλθόντας
1477 488 1532 546 ἐς
1566 482 1669 558 τὴν
1704 481 1907 559 Ἀσίην
1942 485 2047 560 τήν

449 571 710 648 Πριάμου
751 570 982 648 δύναμιν
1020 574 1290 631 κατελεῖν.
1372 569 1487 631 dm?
1527 570 1728 637 τούτου
1764 572 1871 630 αἰεὶ
1904 571 2043 653 ἦγή-

449 658 667 718 σασθαι
704 657 772 717 τὰ
802 657 1140 735 Ἑλληνικόν
1171 659 1349 733 σφίσι
1390 657 1529 717 εἶναι
1566 658 1859 735 πολέμιον.
1940 659 2045 734 τὴν

447 746 557 826 γὰρ
583 744 786 821 Ἀσίην
817 746 908 804 καὶ
942 746 1016 805 τὰ
1047 747 1355 805 ἐνοικέοντα
1390 745 1549 805 ἔθνεα
1583 744 1859 821 βάρβαρα
1884 750 2043 807 οἰκει-

451 836 634 892 εῦνται
660 835 714 891 οἱ
741 833 980 909 Πέρσαι,
1000 832 1105 908 τὴν
1124 832 1184 891 δὲ
1208 830 1483 909 Εὐρώπην
1499 831 1593 891 καὶ
1614 830 1683 893 τό
1712 830 2046 909 Ἑλληνικὸν

448 918 684 1000 ἥγηνται
709 920 1064 999 κεχωρίσθαι.
1154 975 1165 983 ,

531 1006 692 1069 Οὕτω
730 1010 834 1084 μὲν
871 1008 1107 1088 λέγουσι
1146 1006 1425 1087 γενέσθαι,
1460 1006 1553 1065 καὶ
1592 1004 1683 1066 δια
1720 1030 1824 1082 ‘mv
1860 1004 2035 1067 Ἰλίου
2063 1008 2100 1065 5

449 1085 664 1154 ἅλωσιν
712 1093 1035 1171 ευρίσκουσι
1083 1094 1262 1169 σφίσι
1308 1097 1515 1153 ἐοῦσαν
1560 1092 1665 1167 τήν
1697 1091 1899 1197 ’,ἀρχὴν
1943 1097 2046 1169 τῆς

452 1180 652 1259 ἔχθρης
676 1184 778 1256 τῆς
803 1186 858 1243 ἐς
881 1205 1010 1243 τους
1022 1179 1334 1256 ’.Ελληνας
1413 1180 1541 1256 περὶ
1568 1178 1627 1237 δὲ
1651 1182 1753 1255 τῆς
1778 1178 1919 1243 Ἰοῦς
1946 1206 2045 1239 ουκ

453 1264 828 1348 ὁμολογέουσι
845 1267 1110 1346 Πέρσῃσι
1125 1268 1267 1327 οὕτω
1282 1268 1547 1330 Φοίνικες.
1602 1264 1668 1326 οῦ
1685 1265 1798 1347 γὰρ
1818 1265 2051 1348 ἁρπαγῇ

453 1353 638 1428 σφέας
660 1356 1044 1433 χρησαμένους
1069 1356 1307 1435 λέγουσι
1338 1353 1567 1435 οἷγαγεῖν
1594 1351 1770 1429 αὐτὴν
1795 1357 1853 1417 ἐς
1877 1356 2045 1435 Αἴγυ-

451 1465 610 1511 πτον,
641 1440 773 1501 ἀλλ’
803 1440 874 1505 ὥς
913 1447 972 1502 ἐν
1004 1446 1084 1521 τῷ
1111 1441 1309 1523 Ἀργεῖ
1344 1442 1610 1522 ἐμίσγετο
1644 1443 1723 1520 τῷ
1754 1440 2045 1519 ναυκλήρῳ

449 1531 551 1604 τῆς
589 1527 724 1593 νεός·
767 1529 886 1588 ἐπεὶ
926 1529 986 1588 δὲ
1033 1529 1235 1605 ἔμαθεν
1280 1528 1472 1610 ἔγκυος
1520 1530 1709 1597 ἐοῦσα,
1751 1528 2040 1604 αἰδεομένη

450 1614 580 1679 τοῦς
609 1617 804 1679 τοκέας
839 1614 982 1675 οὕτω
1016 1615 1084 1691 δὴ
1121 1614 1419 1690 ἐθελοντὴν
1450 1613 1623 1689 αὐτὴν
1651 1618 1805 1673 τοῖσι
1831 1615 2041 1685 Φοίνιξι

451 1707 864 1773 συνεκπλῶσαι,
891 1702 965 1766 ὥς
995 1700 1064 1763 ἂν
1091 1701 1174 1778 μὴ
1203 1702 1514 1778 κατάδηλος
1542 1702 1787 1784 γένηται.
1866 1706 2044 1761 ταῦτα

448 1790 553 1867 μέν
571 1817 668 1851 νυν
688 1791 914 1869 Πέρσαι
937 1815 1000 1851 τε
1021 1790 1114 1849 καὶ
1139 1789 1387 1853 Φοίνικες
1412 1790 1665 1869 λέγουσι·
1701 1786 1808 1868 ἐγώ
1836 1787 1893 1846 δὲ
1914 1788 2041 1865 περὶ

448 1879 552 1953 μὲν
569 1876 781 1939 τούτων
799 1876 900 1938 οὐκ
927 1879 1161 1957 ἔρχομαι
1188 1877 1349 1954 ἐρέων
1369 1875 1441 1940 ὦς
1468 1874 1636 1939 οὕτως
1661 1872 1699 1950 ἢ
1727 1873 1913 1937 ἄλλως
1940 1900 2043 1939 κως

447 1968 624 2026 ταῦτα
649 1965 884 2046 ἐγένετο·
920 1965 1020 2025 τόν
1046 1964 1106 2023 δὲ
1133 1963 1259 2023 οἶδα
1284 1962 1453 2027 αὕτός
1475 1966 1697 2039 πρῶτον
1720 1960 2043 2038 ὑπάρξαντα

450 2050 649 2113 ἀδίκων
675 2053 848 2133 ἔργων
873 2057 929 2116 ἐς
946 2051 1076 2115 τοῦς
1091 2050 1379 2125 Ἕλληνας
1396 2052 1596 2109 τοῦτον
1620 2047 1891 2125 σημήνας,
1907 2074 2043 2124 προ-

449 2138 711 2215 βήσομαι
748 2144 803 2201 ἐς
840 2164 908 2199 το
937 2138 1134 2216 πρόσω
1170 2141 1269 2196 τοῦ
1303 2135 1481 2217 λόγου
1517 2134 1718 2210 ομοίως
1750 2158 1923 2211 μικρα
1950 2135 2045 2193 καὶ

449 2224 738 2307 μεγάλα”
701 2250 878 2285 αστεα
903 2225 1207 2304 ἀνθρώπων
1233 2221 1477 2293 ἐπεξιών.
1537 2247 1610 2282 τα
1634 2247 1745 2303 γαρ
1771 2245 1837 2279 το
1864 2220 2043 2280 πάλαι

449 2310 745 2392 μεγάλα’
707 2337 796 2387 ην,
824 2313 899 2373 τα
931 2311 1126 2372 πολλα
1163 2310 1341 2371 αὐτῶν
1376 2308 1589 2387 σμικροὶ
1620 2309 1835 2390 γέγονε·
1876 2306 1948 2367 τοὶ
1982 2308 2043 2366 δὲ

451 2398 536 2459 ἐπ’
557 2403 688 2475 ἐμεῦ
711 2398 782 2476 ἦν
795 2399 1036 2481 μεγάλα,
1057 2398 1330 2476 πρότερον
1354 2396 1425 2474 ἦν
1450 2394 1679 2473 σμικροί·
1713 2394 1818 2472 τήν
1838 2394 2042 2472 ἅνθρω-

449 2512 620 2595 πηιην
647 2485 720 2546 ὧν
744 2485 1110 2563 ἐπιστάμενος
1138 2484 1485 2560 εὐδαιμονίην
1517 2481 1731 2559 οὖδαμα
1768 2486 1826 2541 ἐν
1858 2481 2043 2559 τώυτῷ

449 2574 746 2649 μένουσαν,
776 2572 1155 2650 ἐπιμνήσομαι
1180 2570 1511 2648 αμφοτέρων
1538 2570 1756 2646 ομοίως.

531 2664 783 2738 Κροῖσος
813 2659 884 2735 ἦν
914 2658 1093 2721 Λυδὰς
1127 2660 1233 2735 μὲν
1265 2660 1425 2739 γένος
1458 2660 1590 2719 παῖς
1623 2656 1681 2715 δὲ
1706 2654 2035 2724 Ἀλυαττεω,
2066 2654 2101 2712 6

449 2746 728 2857 τύραννος
749 2746 811 2805 δὲ
850 2746 1046 2807 ἐθνέων
1083 2748 1195 2805 τῶν
1234 2744 1386 2807 ἐντός
1415 2743 1627 2806 ‘'Amos-
1665 2745 1939 2817 ποταμοῦ·
1980 2766 2043 2804 ος

451 2835 588 2910 ῥέων
618 2834 728 2895 α’πο
759 2832 1121 2910 μεσαμβρίης
1152 2831 1359 2908 μεταξὺ
1393 2830 1582 2908 Συρων
1608 2830 1699 2889 καὶ
1724 2827 2042 2909 Παφλαγό-

455 2945 574 2992 νων,
603 2922 732 2990 ἐξίει
755 2920 895 2997 πρός
919 2918 1167 2995 βορῆν”
1130 2943 1334 2995 ανεμον
1359 2923 1415 2981 ἐς
1438 2916 1538 2977 τόν
1560 2916 1822 2987 Εὔξεινον
1848 2912 2043 2973 καλεό-
2116 2970 2123 2977 .

451 3033 620 3085 μενον
655 3008 880 3068 πόντον·
923 3004 1083 3069 οὗτος
1119 3033 1151 3066 ο
1190 3008 1440 3081 Κροῖσος
1478 3002 1791 3082 βαρβάρων
1825 3004 2042 3076 πρῶτος

449 3098 560 3154 τῶν
585 3094 744 3171 ημεῖς
768 3094 924 3171 ἴδμεν
948 3118 1078 3157 τους
1102 3094 1206 3169 μὲν
1233 3091 1649 3168 κατεστρέψατο
1674 3086 2014 3159 Ἑλλήνων’
1988 3110 2044 3148 ες

451 3180 634 3260 φόρου
673 3179 992 3261 ἅπαγωγην,
1027 3178 1159 3241 τοῦς
1197 3178 1273 3246 δὲ,
1317 3177 1521 3253 φίλους
1559 3169 2037 3251 προσεποιήσατο.

447 3268 892 3350 (κατεστρέψατο
905 3268 1010 3345 μὲν
1023 3263 1218 3326 Ἴωνας
1231 3290 1295 3323 τε
1314 3288 1406 3321 και
1385 3262 1677 3327 Αἰολέας,
1695 3257 1785 3315 καὶ
1802 3255 2042 3330 Δωριέας
