2267 3517
315 87 415 136 266
938 85 1309 136 nPvowo‘r
1786 85 1917 150 [111.

315 165 416 235 ξας
443 167 711 246 γέφυραν,
754 171 814 225 ἐκ
852 166 1030 241 τῆσδε
1067 169 1171 241 τῆς
1213 163 1448 242 ἠπείρου
1488 170 1545 227 ἐς
1580 165 1689 240 τήν
1728 167 1923 244 ἑτέρην

311 251 551 337 ἤπειρον
569 253 660 312 ἐπὶ
687 252 905 316 Σκύθας
931 252 1359 331 στρατεύεσθαι·
1401 251 1494 311 καὶ
1516 255 1693 311 ταῦτα
1720 251 1921 334 ὀλίγου

311 339 518 419 χρόνου
545 341 705 400 ἔσται
728 339 1081 417 τελεύμεναῗ
1133 341 1291 421 λέγει
1305 339 1575 400 Ἀτοσσα
1590 340 1741 400 τάδε·
1772 341 1920 419 “ὅρα

247 435 256 446 “
311 453 425 498 νυν,
455 434 510 492 ἐς
550 428 770 493 Σκύθας
807 432 912 506 μὲν
950 429 1056 504 τήν
1091 454 1317 506 πρωτην
1350 429 1489 488 ἰέναι
1530 429 1719 489 ἔασον·
1762 427 1919 492 οὗτοι

309 515 422 596 γοῖρ
449 516 616 576 ἐπεὰν
641 516 716 577 σι)
747 516 941 597 βούλῃ
978 517 1208 577 ἔσονταί
1233 542 1342 577 τοι·
1384 515 1459 576 σι)
1485 516 1549 576 δέ
1570 542 1671 593 μοι
1698 517 1790 576 ἐπὶ
1812 518 1919 594 τὴν

310 603 568 664 Ἑλλάδα
599 604 1026 682 στρατεύεσθαι·
1069 605 1349 681 ἐπιθυμέω
1372 604 1503 685 γὰρ,
1529 603 1685 685 λόγῳ
1710 607 1916 666 πυνθα·

310 693 532 768 νομένη,
573 693 855 757 Λακαίνας
891 693 958 754 τέ
994 715 1095 769 μοι
1131 692 1401 772 γενέσθαι
1442 692 1780 768 θεραπαίνας
1824 694 1917 754 καὶ

307 777 566 862 Ἀργείας
595 781 688 840 καὶ
717 779 976 843 Ἀττικὰς
1003 780 1096 839 καὶ
1122 779 1444 857 Κορινθίας·
1488 780 1631 858 ἔχεις
1656 779 1717 838 δὲ
1742 778 1917 857 ἄνδρα

309 869 742 944 ἐπιτηδειότατον
775 867 989 945 ἀνδρῶν
1023 867 1245 927 πάντων
1282 867 1435 936 δέξαι
1468 893 1531 926 τε
1562 867 1775 927 ἕκαστα
1814 872 1917 943 τῆς

307 953 586 1020 Ἑλλάδος
612 957 704 1015 καὶ
731 955 1184 1036 κατηγήσασθαι,
1204 958 1405 1015 τοῦτον
1425 954 1487 1017 ὅς
1512 979 1619 1015 σευ
1642 953 1743 1015 τόν
1766 954 1914 1015 πόδα

307 1043 624 1119 ἐξιήσατο.”
681 1043 976 1122 ἀμείβεται
995 1046 1251 1119 Δαρεῖος·
1282 1052 1317 1078 “
1334 1040 1377 1101 ὦ
1390 1041 1571 1122 γύναι,
1590 1042 1709 1102 ἐπεὶ
1728 1044 1915 1104 τοίνυν

304 1156 394 1192 τοι
419 1132 596 1191 δοκέει
618 1135 721 1222 τῆς
744 1129 1084 1194 Ἑλλάδος
1045 1131 1222 1207 ημέας
1246 1133 1441 1207 πρῶτα
1476 1129 1913 1206 αποπειρᾶσθαι,

310 1219 701 1284 κατασκόπους
739 1245 839 1296 μοι
884 1218 1062 1278 δοκέει
1108 1218 1377 1294 Περσέων
1421 1221 1644 1295 πρῶτον
1686 1243 1913 1294 αμεινον

307 1307 445 1368 εἶναι
469 1307 613 1386 ομοῦ
646 1307 822 1387 τούτω
847 1310 926 1385 τῷ
949 1332 1025 1366 συ
1051 1306 1237 1387 λέγεις
1270 1306 1543 1382 πέμψαι’
1516 1331 1572 1368 ες
1598 1303 1817 1368 αὐτούς·
1858 1305 1914 1367 οι

302 1395 572 1470 μαθόντες
625 1396 718 1454 καὶ
763 1365 968 1457 ἰδόντες
1015 1394 1228 1454 ἕκαστα
1272 1392 1467 1462 αὐτῶν,
1512 1393 1913 1474 ἐξαγγελέουσι

301 1481 456 1559 ἡμῖν·
513 1484 604 1541 καὶ
645 1484 835 1542 ἔπειτα
875 1481 1305 1557 ἐξεπιστάμενος
1345 1480 1431 1541 ἐπ’
1480 1480 1677 1544 αὐτοῦς
1710 1483 1909 1560 τρέψο-

214 1573 324 1630 135
340 1569 494 1646 μαι.”
549 1574 738 1630 Ταῦτα
759 1571 897 1630 εἶπε·
927 1571 1020 1630 καὶ
1035 1569 1154 1646 ἅμα
1175 1571 1305 1635 ἔπος
1320 1594 1381 1632 τε
1408 1570 1500 1628 καὶ
1521 1570 1685 1650 ἔργον
1707 1574 1908 1633 ἐποίεε·

307 1659 432 1718 ἐπεί
452 1684 514 1718 τε
538 1658 649 1740 γοῖρ
675 1656 921 1738 τάχιστα
945 1657 1128 1736 ἡμέρη
1156 1658 1466 1736 ἐπέλαμψε,
1486 1658 1734 1721 καλέσας
1762 1664 1907 1735 Περ-

301 1747 446 1806 σέων
479 1744 680 1824 ἅνδρας
719 1746 979 1823 δοκίμους
1013 1746 1422 1817 πεντεκαίδεκα,
1446 1744 1767 1806 ἐνετέλλετό
1795 1753 1911 1823 σφι

301 1835 600 1913 ἑπομένους
642 1835 962 1913 Δημοκήδεϊ
998 1835 1300 1905 διεξελθεῖν
1338 1833 1412 1895 τοὶ
1456 1833 1908 1911 παραθαλάσσια

304 1927 406 2000 τῆς
430 1923 728 1988 Ἑλλάδος·
777 1924 917 1988 ὅκως
940 1949 1003 1984 τε
1027 1923 1110 2001 μὴ
1138 1921 1501 2000 διαδρήσεταί
1522 1928 1707 1998 σφεας
1732 1922 1765 1983 ὁ
1792 1931 1905 2001 Δη-

299 2013 561 2090 μοκήδης,
598 2013 754 2074 ἀλλά
788 2040 886 2090 μιν
909 2011 1126 2076 πάντως
1164 2011 1347 2072 ὀπίσω
1374 2009 1672 2081 ἀπάξουσι.
1741 2016 1905 2072 ἐντει-

302 2101 544 2179 λάμενος
576 2104 636 2162 δὲ
671 2101 925 2162 τούτοισι
955 2104 1149 2170 ταῦτα,
1184 2099 1413 2177 δεύτερα
1448 2099 1695 2162 καλέσας
1734 2098 1905 2162 αι’τόν

301 2191 638 2268 Δημοκήδεα
664 2190 844 2250 ἐδέετο
872 2188 1060 2258 αὐτοῦ,
1089 2188 1227 2251 ὅκως
1268 2186 1683 2268 ἐξηγησάμενος
1710 2193 1903 2250 πᾶσαν

298 2279 391 2337 καὶ
417 2278 667 2348 ἐπιδέξας
689 2277 796 2354 τήν
819 2276 1074 2336 Ἑλλάδα
1097 2280 1253 2337 τοῖσι
1276 2276 1540 2354 Πέρσῃσι
1560 2273 1744 2335 ὀπίσω
1760 2275 1901 2350 ἥξει·

298 2366 446 2442 δῶρα
473 2367 537 2425 δέ
558 2391 656 2442 μιν
680 2370 759 2444 τῷ
788 2366 960 2443 πατρὶ
1002 2365 1094 2423 καὶ
1127 2367 1282 2424 τοῖσι
1318 2363 1651 2439 ἀδελφεοῖσι
1684 2365 1904 2425 ἐκέλευε

299 2453 485 2514 πάντα
509 2452 581 2513 τοὶ
609 2454 817 2514 ἐκείνου
835 2454 1046 2512 ἔπιπλα
1065 2451 1327 2527 λαβόντα
1346 2451 1517 2534 ἄγειν,
1540 2451 1653 2527 φὰς
1672 2449 1827 2512 ἄλλα
1848 2457 1903 2514 οἶ

294 2541 672 2620 παραπλήσια
699 2541 1036 2603 ἀντιδώσειν·
1069 2539 1210 2618 πρός
1237 2541 1312 2612 δὲ,
1332 2546 1387 2604 ἐς
1412 2541 1482 2602 τσῖ
1510 2541 1659 2619 δῶρα
1686 2541 1903 2603 ὁλκάδα

294 2633 350 2691 οἶ
376 2632 486 2707 ἔφη
513 2631 950 2707 συμβαλέεσθαι
975 2629 1205 2706 πλήσας
1232 2627 1461 2710 ἀγαθῶν
1488 2630 1780 2700 παντοίων,
1798 2630 1903 2706 τὴν

295 2717 414 2796 ἅμα
453 2722 508 2779 οἱ
545 2717 918 2779 πλεύσεσθαι.
987 2721 1228 2796 Δαρεῖος
1257 2720 1362 2795 μὲν
1390 2718 1477 2794 δή,
1506 2717 1715 2778 δοκέειν
1756 2721 1898 2796 ἐμοὶ,

293 2805 390 2867 ἀπ’
437 2805 658 2871 οὖδενὸς
701 2807 935 2884 δολεροῦ
984 2805 1114 2868 νόου
1169 2805 1556 2888 ἐπαγγέλλετό
1602 2809 1656 2864 οῖ
1700 2812 1898 2868 ταῦτα·

295 2896 632 2973 Δημοκήδης
664 2895 724 2955 δὲ
759 2895 949 2957 δείσας
973 2893 1054 2970 μή
1083 2893 1143 2954 εὖ
1171 2898 1467 2972 ἐκπειρῷτο
1494 2897 1749 2970 Δαρεῖος,
1776 2893 1899 2955 οὔτι

292 2983 608 3062 ἐπιδραμών
639 2980 822 3044 πάντα
861 2982 933 3041 τοὶ
965 2981 1224 3058 διδόμενα
1252 2982 1482 3051 ἐδέκετο,
1510 2979 1667 3040 σῖλλᾶ
1692 2981 1765 3041 τοὶ
1790 2984 1895 3058 μὲν

293 3074 494 3133 ἑωυτοῦ
522 3071 662 3132 κατὰ
687 3071 874 3150 χώρην
891 3070 1001 3145 ἔφη
1029 3069 1385 3147 καταλείψειν
1414 3067 1503 3127 ἵνα
1529 3066 1712 3126 ὄπίσω
1738 3069 1896 3144 σ’φέα

287 3156 552 3223 ἅπελθδν
589 3160 727 3238 ἔχοι·
779 3157 883 3234 τήν
923 3156 1116 3234 μέντοι
1164 3155 1378 3216 ὁλκάδα
1418 3153 1523 3229 τήν
1562 3158 1617 3213 οἶ
1659 3160 1897 3232 Δαρεῖος

345 3251 674 3328 ·αγγε’λλετο
719 3250 776 3310 ἐς
824 3244 928 3320 τὴν
967 3241 1176 3321 δωρεὴν
1215 3247 1371 3304 τοῖσι
1412 3241 1763 3317 ἀδελφεοῖσι,
1808 3243 1894 3304 δέ·
