2267 3517
333 109 432 160 206
937 104 1302 156 ‘HPOAo'l'or
1784 105 1917 170 [111.

332 186 740 264 ἀπολομένοισι
777 185 886 246 σῦν
920 189 995 264 τῇ
1033 185 1145 261 νηΐ·
1202 187 1378 245 ταῦτα
1414 184 1526 266 γὰρ
1566 184 1828 248 ἐδίκασαν
1866 189 1923 248 οἶ

333 273 635 353 βασιλήῖοι
693 272 968 344 δικασταὶ,
1027 271 1170 350 ὖπέρ
1230 271 1427 350 ἅνδρός
1485 273 1723 334 ἑκάστου
1790 275 1922 336 δέκα

333 362 649 443 Αἰγυπτίων
682 364 793 420 τῶν
830 359 1059 438 πρώτων
1095 359 1580 429 ἀνταπόλλυσθαι·
1638 360 1671 421 ὁ
1698 361 1757 421 δὲ
1786 363 1921 424 ’ἰδών

333 447 710 527 παρεξιόντας,
750 449 859 507 καὶ.
885 446 1081 525 μαθών
1119 446 1220 509 τᾶν
1263 448 1437 508 παῖδα
1478 447 1782 530 ήγεόμενον
1828 453 1922 512 ἐπὶ

335 535 590 606 θάνατον,
620 540 730 595 τῶν
763 533 954 596 ἄλλων
988 535 1303 615 Αἰγυπτίων
1334 540 1445 596 τῶν
1477 539 1922 615 περικατημένων

333 623 502 684 αὕτὸν
525 623 827 684 κλαιόντων
852 623 945 682 καὶ
970 623 1120 683 δεινοὶ
1144 621 1457 694 ποιεύντων,
1482 622 1659 684 τῶυτό
1687 625 1921 702 ἐποίησε

331 711 400 772 τό
425 712 518 770 καὶ
545 711 638 770 ἐπὶ
661 714 734 788 τῇ
761 711 1010 792 θυγατρί.
1076 710 1467 788 παρελθόντων
1492 710 1553 770 δὲ
1578 711 1671 769 καὶ
1693 712 1919 784 τούτων,

334 797 620 874 συνήνεικε
660 798 806 858 ὥστε
844 803 955 858 τῶν
993 798 1324 875 συμποτέων
1354 800 1410 856 οἱ
1444 796 1618 876 ἄνδρα
1655 797 1918 876 ἀπηλικέ-

333 911 552 963 στερον,
580 884 968 946 ἐκπεπτωκότα
992 889 1054 945 ἐκ
1076 889 1187 946 τῶν
1213 883 1426 954 ἐόντων,
1453 884 1652 963 ἔχοντα’,
1675 910 1739 945 τε
1764 886 1921 948 οὐδὲν

334 977 384 1033 εἰ
411 973 494 1050 μή
525 973 639 1034 ὅσα
677 973 898 1054 πτωχός
935 973 1028 1033 καὶ
1059 973 1468 1051 προσαιτέοντα
1495 970 1601 1049 τήν
1632 975 1917 1052 στρατιὴν,

331 1060 586 1138 παριέναι
624 1059 990 1137 Ψαμμήνιτόν
1025 1085 1089 1120 τε
1124 1059 1227 1120 τᾶν
1248 1057 1523 1136 Ἀμάσιος
1563 1060 1655 1120 καὶ
1692 1061 1823 1126 τούς
1861 1067 1921 1124 ἐν

331 1152 410 1227 τῷ
456 1150 770 1228 προαστείῳ
821 1149 1157 1226 κατημένους
1205 1150 1316 1208 τῶν
1365 1149 1700 1228 Αἰγυπτίων·
1774 1148 1808 1210 ὁ
1862 1150 1922 1210 δὲ

334 1235 694 1313 Ψαμμήνιτος
733 1234 804 1299 ὥς
840 1235 939 1307 ἴδε,
965 1234 1319 1299 ἀνακλαύσας
1356 1235 1504 1314 μέγα
1543 1236 1635 1294 καὶ
1676 1237 1921 1302 καλέσας

336 1323 600 1400 οὐνόματι
622 1323 722 1384 τόν
756 1326 988 1399 ἑταῖρον,
1015 1322 1299 1398 ἐπλήξατο
1328 1322 1433 1398 τὴν
1457 1322 1731 1399 κεφαλήν·
1769 1323 1921 1401 ἦσαν

334 1409 383 1470 δ’
421 1409 531 1488 ἄρα
582 1409 752 1470 αὐτοῦ
803 1409 1066 1486 φύλακοι,
1107 1409 1163 1470 οἳ
1198 1409 1265 1470 τό
1316 1408 1643 1487 ποιεύμενον
1695 1415 1809 1472 πᾶν
1860 1413 1925 1483 ἐξ

334 1498 541 1558 ἐκείνου
567 1496 650 1558 ἐπ’
676 1496 884 1577 ἑκάστῃ
909 1497 1076 1577 ἐξόδῳ
1101 1496 1399 1576 Καμβύσῃ
1425 1497 1744 1575 ἐσήμαινον·
1786 1501 1919 1561 θωυ-

333 1585 522 1662 μάσας
561 1585 622 1645 δὲ
660 1584 693 1646 ὅ
734 1583 1058 1661 Καμβύσης
1093 1584 1167 1644 τοὶ
1205 1584 1519 1661 ποιεύμενα,
1560 1586 1787 1664 πέμψας
1820 1586 1920 1670 ‹37-

333 1676 505 1752 γελον
555 1672 751 1750 εἰρώτα
800 1671 984 1742 αὐτᾶν,
1029 1671 1211 1752 λέγων
1252 1670 1403 1735 τάδε·
1434 1715 1441 1722 -
1471 1672 1812 1750 “Δεσπότης
1850 1700 1922 1735 σε

335 1759 674 1837 Καμβύσης,
727 1758 1072 1837 Ψαμμήνιτε,
1125 1763 1336 1838 εἰρωτᾷ,
1377 1759 1517 1819 διότι
1571 1759 1638 1836 δή
1676 1761 1781 1836 τήν
1817 1763 1921 1839 μὲν

336 1846 611 1926 θυγατέρα
659 1847 829 1926 ὁρέων
879 1848 1276 1926 κεκακωμένην,
1324 1847 1416 1907 καὶ
1459 1847 1560 1908 τόν
1611 1849 1785 1908 παῖδα
1829 1850 1921 1909 ἐπὶ

336 1932 574 1998 θάνατον
597 1937 912 2016 στείχοντα,
933 1935 1058 1996 οὔτε
1077 1935 1369 2013 ἀνέβωσας
1393 1933 1519 1995 οὔτε
1543 1934 1918 2002 ἀπέκλαυσας·

334 2019 434 2082 τᾶν
479 2024 540 2084 δὲ
588 2023 812 2105 πτωχὸν
861 2023 1019 2085 οὐδέν
1057 2048 1155 2084 σοι
1206 2021 1580 2100 προσήκοντα,
1622 2021 1693 2086 ὥς
1730 2023 1921 2104 ἄλλων

334 2111 696 2189 πυνθάνομαι,
729 2115 998 2189 ἐτίμησας
1017 2110 1063 2182 ;”
1102 2109 1136 2173 ὅ
1173 2113 1279 2187 μὲν
1316 2109 1383 2186 δή
1422 2113 1598 2169 ταῦτα
1637 2110 1919 2187 ἐπειρώτα,

337 2195 375 2256 ὅ·
397 2197 444 2256 δ’
469 2196 738 2277 α’,μείβετο
763 2199 973 2258 τοῖσδε·
1015 2197 1103 2257 “‹2'›
1138 2201 1245 2264 παῖ
1268 2197 1476 2276 Κύρου,
1503 2195 1577 2256 τὰ
1608 2199 1712 2273 μὲν
1740 2198 1921 2274 οἰκήῖα

334 2281 407 2358 ἦν
428 2285 576 2360 μέζω
601 2285 745 2344 κακὰ
767 2282 804 2360 ἦ
835 2284 980 2345 ὥστε
1014 2284 1350 2345 ἀνακλαίειν·
1389 2282 1457 2344 τό
1484 2283 1543 2342 δὲ
1576 2288 1678 2343 τοῦ
1704 2285 1921 2361 ἑταίρου

258 2403 264 2408 ·
336 2370 538 2436 πένθος
582 2371 739 2444 ἄξιον
782 2370 854 2448 ἦν
899 2371 1162 2449 δακρύων·
1244 2369 1306 2434 ὂς
1346 2375 1407 2430 ἐκ
1450 2374 1684 2432 πολλῶν
1720 2397 1783 2432 τε
1828 2373 1923 2432 καὶ

336 2455 668 2534 εὐδαιμόνων
693 2457 944 2518 ἐκπεσών
963 2463 1017 2521 ἐς
1039 2457 1325 2537 πτωχηίην
1348 2457 1575 2517 α’,πῖκται
1600 2457 1691 2517 ἐπὶ
1713 2457 1923 2539 γήραος

337 2541 529 2623 ούδῷ.”
606 2546 700 2606 καὶ
731 2549 908 2606 ταῦτα
937 2544 1011 2608 ὥς
1041 2543 1434 2623 ἀπενειχθέντα
1466 2543 1575 2604 ὖπό
1609 2542 1825 2615 τούτου,
1858 2552 1919 2616 εὖ

339 2630 545 2693 δοκέειν
583 2636 638 2694 οἱ
677 2633 951 2710 εἰρῆσθαι·
1005 2632 1076 2698 ὥς
1110 2632 1171 2692 δὲ
1210 2633 1434 2712 λέγεται
1470 2631 1563 2692 ὑπ’
1590 2633 1921 2713 Αἰγυπτίων,

338 2717 588 2796 δακρύειν
636 2722 741 2797 μὲν
792 2724 1061 2798 Κροῖσον,
1108 2719 1410 2800 (ἐτετεύχεε
1459 2719 1569 2800 γὰρ
1622 2720 1714 2777 καὶ
1766 2717 1924 2782 οὗτος

338 2806 709 2884 ἐπισπόμενος
748 2807 1045 2887 Καμβύσῃ
1086 2805 1173 2868 ἐπ’
1211 2807 1534 2887 Αἵγυπτον,)
1576 2805 1827 2885 δακρύειν
1864 2807 1925 2866 δέ

340 2894 607 2971 Περσέων
640 2894 768 2959 τούς
796 2894 1118 2971 παρεόντας·
1174 2893 1320 2972 αὐτῷ
1352 2919 1416 2954 τε
1442 2893 1738 2972 Καμβύσῃ
1765 2897 1925 2954 ἐσελ·

339 2980 457 3040 θεῖν
481 2980 666 3042 οἶκτόν
689 3006 828 3051 τινα,
857 2981 950 3039 καὶ
976 2981 1173 3058 αὐτίκα
1197 2979 1440 3041 κελεύειν
1464 2979 1564 3040 τόν
1587 3005 1650 3040 τε
1676 2984 1730 3040 οἱ
1754 2981 1929 3040 παῖδα

339 3070 402 3127 ἐκ
425 3092 537 3129 των
561 3067 960 3143 ἀπολλυμένων
986 3067 1185 3138 σώζειν
1217 3068 1309 3126 καὶ
1345 3065 1513 3126 αὑτὸν
1539 3072 1601 3126 ἐκ
1629 3070 1731 3127 τοῦ
1756 3092 1927 3144 προα·

251 3152 322 3211 15
341 3155 531 3215 στείου
557 3153 984 3232 αναστήσαντας
1013 3178 1169 3235 αγειν
1194 3152 1322 3230 παρ’
1350 3152 1566 3213 ἑωυτόν·
1606 3152 1706 3214 τόν
1728 3157 1833 3230 μὲν
1857 3151 1929 3228 δη

341 3241 516 3300 παῖδα
559 3240 718 3322 εὗρον
764 3243 819 3300 οἰ
864 3238 1143 3317 μετιόντες
1195 3238 1377 3299 οὗκέτι
1421 3237 1727 3314 περιεόντα,
1774 3239 1932 3298 οἷλλιῖ
