2267 3517
332 145 617 213 145—148]
988 146 1315 197 mmmm.
1837 146 1932 194 181

329 225 427 286 καὶ
462 224 655 289 Πανός
687 250 757 306 γε
790 224 921 301 πέρι
951 223 1053 285 οὐκ
1084 225 1282 303 ἔχουσι
1319 226 1491 284 εἰπεῖν
1526 221 1632 299 ὅκη
1669 222 1938 300 ἐτράπετο

327 312 643 394 γενόμενος.
726 311 875 388 δῆλά
903 338 1003 389 μοι
1035 310 1109 372 ὧν
1150 313 1364 394 γέγονε,
1407 310 1496 372 ὅτι
1534 310 1772 387 ὕστερον
1809 310 1936 371 ἐπύ-

331 401 500 461 θοντο
539 404 595 461 οἱ
632 398 912 476 Ἓλληνες
948 398 1158 461 τούτων
1195 399 1268 459 τοὶ
1316 397 1596 476 οὐνόματα
1637 396 1674 475 ἢ
1715 397 1790 458 τοὶ
1825 401 1938 459 τῶν

330 486 523 549 ἄλλων
550 490 706 560 θεῶν,
734 488 829 547 ἀπ’
858 486 923 549 οὗ
950 488 1012 549 δὲ
1044 487 1316 549 ἐπύθοντο
1350 485 1556 567 χρόνου
1583 485 1696 547 ἀπὸ
1733 484 1936 548 τούτου

328 577 765 659 γενεηλογέουσι
791 574 973 637 αὐτῶν
996 574 1101 652 τὴν
1124 577 1367 657 γένεσιν.

409 668 601 724 Ταῦτα
626 665 732 741 μέν
762 689 860 727 νυν
885 662 1045 724 αὐτοὶ
1070 662 1370 745 Αἰγύπτιοι
1402 662 1658 744 λέγουσι·
1699 661 1811 723 ὅσα
1836 662 1896 723 δὲ
1914 663 2028 725 147

333 752 395 811 οἶ
411 777 474 812 τε
500 751 673 813 ἄλλοι
704 751 985 830 ἄνθρωποι
1017 750 1111 811 καὶ
1141 750 1438 833 Αἰγύπτιοι
1468 751 1706 833 λέγουσι
1731 749 1936 826 ὁμολο-

330 840 551 920 γέοντες
573 844 729 900 τοῖσι
754 839 992 899 ἄλλοισι
1028 837 1173 900 κατὰ
1208 838 1416 915 ταύτην
1439 837 1543 914 τήν
1577 838 1764 917 χώρην
1788 838 1935 919 γενέ-

332 928 487 998 σθαι,
526 927 680 989 ταῦτ’
718 927 829 1004 ἤδη
870 926 1095 1006 φράσω·
1162 928 1480 1005 προσέσται
1519 925 1584 985 δέ
1619 952 1677 987 τι
1716 925 1939 987 αὐτοῖσι

334 1015 425 1074 καὶ
450 1019 553 1091 τῆς
580 1020 719 1092 ἐμῆς
744 1014 919 1095 ὄψιος.

411 1100 908 1181 Ἐλευθερωθέντες
961 1102 1261 1186 Αἰγύπτιοι
1315 1100 1461 1179 μεταῖ
1510 1100 1612 1163 τόν
1665 1100 1788 1178 ἶρέα
1835 1104 1938 1161 τοῦ

332 1188 659 1265 Ἡφαίστου
684 1191 1131 1268 βασιλεύσαντα,
1151 1190 1372 1273 (οὐδένα
1389 1188 1500 1271 γσῖρ
1526 1188 1730 1269 χρόνον
1749 1188 1937 1249 οἷοίτε

334 1275 485 1352 ἦσαν
510 1276 639 1338 ἄνευ
663 1279 944 1355 βασιλέος
968 1277 1334 1359 διαιτᾶσθαι,)
1352 1277 1668 1354 ἐστήσαντο
1695 1276 1936 1336 δυώδεκα

332 1366 632 1441 βασιλέας,
662 1366 905 1428 δυώδεκα
932 1367 1133 1445 μοίρας
1175 1364 1482 1443 δασάμενοι
1512 1366 1800 1447 Αἴγυπτον
1829 1363 1936 1424 πᾶ-

333 1477 465 1513 σαν.
504 1450 659 1514 οὗτοι
675 1456 971 1563 ἐπιγαμίας
985 1453 1358 1551 ποιησάμενοι
1374 1454 1731 1531 ἐβασίλευον,
1749 1452 1934 1529 νόμοι-

332 1566 399 1602 σι
415 1541 629 1603 τοισίδε
646 1543 967 1622 χρεώμενοι,
982 1542 1130 1622 μήτε
1156 1524 1462 1620 καταιρέειν
1481 1540 1772 1618 αλλήλους
1789 1539 1934 1617 μήτε

331 1630 509 1691 πλέον
525 1655 583 1691 τι
582 1629 863 1707 δίζησθαι
884 1632 1029 1711 ἔχειν
1047 1630 1148 1691 τᾶν
1169 1655 1355 1709 ετερον
1373 1633 1475 1690 τοῦ
1500 1629 1687 1707 ἐτέρου
1709 1628 1852 1689 εἶναι’
1871 1652 1935 1689 τε

332 1720 536 1795 φιλους
553 1718 625 1780 τοὶ
644 1719 920 1796 μάλιστα·
945 1719 1118 1780 τῶνδε
1145 1718 1205 1779 δὲ
1233 1718 1412 1779 εἵνεκα
1434 1717 1565 1783 τούς
1585 1717 1786 1795 νόμους
1809 1715 1932 1777 τού-

328 1831 458 1871 τους
472 1810 755 1868 ἐποιεῦντο
772 1810 1015 1886 ἰσχυρῶς
1028 1806 1513 1885 περιστέλλοντες·
1540 1803 1806 1885 ἐκέχρητό
1822 1810 1936 1881 σφι

331 1894 449 1955 κατ’
481 1893 658 1975 ἀρχᾶς
692 1894 891 1955 αὐτίκα
929 1894 1344 1973 ἐνισταμένοισι
1385 1899 1440 1958 ἐς
1471 1893 1576 1957 τοῖς
1611 1893 1934 1971 τυραννίδας

332 1981 474 2042 “τδν
497 1982 715 2062 χαλκέῃ
748 1982 933 2062 φιάλῃ
960 1984 1281 2044 σπείσαντα
1316 1980 1496 2043 αὐτῶν
1528 1985 1588 2042 ἐν
1610 1986 1688 2059 τῷ
1713 1983 1810 2060 ἶρῶ
1833 1984 1935 2041 τοῦ

329 2067 671 2144 Ἡφαίστου,
697 2073 899 2130 τοῦτον
937 2070 1166 2148 ἁπάσης
1198 2067 1572 2148 βασιλεύσειν
1597 2066 1933 2149 Αἰγύπτου.”

334 2159 390 2219 ἐς
413 2155 524 2236 γσῖρ
552 2156 621 2233 δή
647 2155 721 2217 ταῖ
746 2156 929 2223 πάντα
956 2159 1047 2236 ipat
1073 2159 1462 2241 συνελέγοντο.
1539 2156 1656 2215 Καὶ
1687 2154 1756 2231 δή
1782 2161 1895 2231 σφι
1913 2156 2030 2216 148

331 2243 667 2321 μνημόσυνα
711 2244 865 2315 ἔδοξε
915 2247 1190 2308 λιπέσθαι
1235 2249 1412 2325 κοινῇ·
1481 2243 1650 2313 δόξαν
1691 2243 1755 2303 δέ
1798 2249 1929 2320 σφι»

334 2329 673 2408 ἐποιήσαντο
700 2331 1048 2411 λαβύρινθον
1074 2333 1273 2415 ὀλίγον
1301 2332 1442 2412 ὑπὲρ
1477 2337 1579 2409 τῆς
1604 2332 1804 2410 λίμνης
1832 2336 1935 2409 τῆς

334 2421 571 2496 Μοίριος
596 2419 739 2481 κατὰ
778 2421 1172 2500 Κροκοδείλων
1209 2420 1553 2498 καλεομένην
1576 2419 1748 2481 πόλιν
1771 2420 1934 2498 μάλι-

333 2506 447 2567 στά
482 2533 553 2585 κη
593 2509 863 2585 κείμενον·
902 2508 1002 2571 τᾶν
1038 2508 1150 2591 ἐγῶ
1174 2507 1282 2585 ἤδη
1318 2508 1436 2569 ἴδον
1471 2508 1648 2590 λόγου
1681 2510 1846 2586 μέζω·
1888 2511 1937 2568 εἰ

330 2594 441 2676 γάρ
468 2620 552 2660 τις
574 2596 649 2657 τὰ
675 2597 738 2667 ἐξ
759 2596 1051 2674 Ἑλλήνων
1067 2596 1258 2676 τείχεά
1275 2622 1339 2658 τε
1363 2596 1458 2655 καὶ
1484 2597 1656 2678 ἔργων
1677 2595 1937 2667 ἀπόδεξιν

333 2685 764 2767 συλλογίσαιτο,
802 2685 1119 2749 ἐλάσσονος
1154 2684 1332 2745 πόνου
1361 2708 1426 2745 τε
1459 2682 1528 2745 ἂν
1563 2684 1656 2743 καὶ
1690 2684 1938 2760 δαπάνης

333 2772 537 2849 φανείη
565 2772 727 2833 ἐόντα
750 2777 852 2833 τοῦ
877 2774 1228 2851 λαβυρίνθου
1252 2770 1473 2834 τούτου·
1517 2772 1639 2853 (καί
1669 2798 1760 2833 τοι
1789 2772 1937 2844 ἀξιό-

331 2859 505 2940 λογός
527 2885 596 2942 γε
623 2860 715 2920 καὶ
742 2859 774 2921 ὁ
802 2866 861 2922 ἐν
882 2860 1113 2942 Ἐφέσῳ
1141 2860 1265 2922 ἐστὶ
1291 2858 1436 2937 νηός,
1466 2862 1560 2920 καὶ
1584 2860 1618 2922 ὁ
1645 2866 1703 2922 ἐν
1723 2860 1935 2941 Σάμον)

330 2945 483 3023 ἦσαν
520 2949 625 3024 μέν
659 2974 757 3010 νυν
795 2950 888 3009 καὶ
923 2952 982 3010 αἱ
1010 2949 1314 3027 πυραμίδες
1348 2947 1528 3031 λόγου
1561 2949 1802 3028 μέζονες,
1845 2948 1940 3006 καὶ

330 3038 567 3096 πολλῶν
594 3036 804 3114 ἑκάστη
832 3036 1037 3099 αὐτέων
1066 3037 1414 3115 Ἑλληνικῶν
1451 3036 1622 3118 ἔργων
1649 3035 1742 3095 καὶ
1765 3034 1935 3114 μεγά-

330 3126 448 3183 λων
475 3123 725 3202 οἷνταξίη·
769 3125 801 3185 ὁ
829 3126 891 3185 δὲ
916 3125 983 3201 δὴ
1010 3124 1356 3202 λαβύρινθος
1380 3123 1475 3181 καὶ
1499 3122 1599 3185 τὰς
1623 3121 1934 3198 πυραμίδας

330 3210 705 3291 ὐπερβάλλει.
778 3216 879 3275 τοῦ
898 3211 1011 3294 γὰρ
1037 3211 1281 3272 δυώδεκα
1302 3211 1408 3290 μέν
1435 3213 1546 3269 εἰσι
1573 3208 1740 3267 αὐλαὶ
1767 3206 1934 3267 κατά-

332 3322 531 3384 στεγοι
564 3300 863 3363 α’ντίπυλοι
896 3298 1212 3379 ἀλλήλῃσι,
1241 3299 1305 3369 ἐξ
1339 3299 1444 3373 μὲν
1469 3294 1610 3372 πρὸς
1647 3294 1850 3372 βορέω,
1877 3294 1942 3366 ἓξ
