2267 3517
331 145 617 211 118—120]
1019 147 1246 195 xAmo.
1867 148 1929 194 61

325 227 506 304 μέλεα
539 224 751 296 διελῶν,
776 225 850 285 τὰ
878 226 983 303 μὲν
1015 224 1243 301 ὤπτησε
1273 223 1347 285 τὰ
1378 224 1441 283 δὲ
1472 223 1653 302 ἔψησε
1676 227 1787 283 τῶν
1812 248 1932 301 κρε-

329 319 422 375 ῶν·
467 312 698 374 εῦτυκτα
729 314 789 374 δὲ
819 313 1200 390 ποιησάμενος
1233 312 1351 392 εἶχε
1385 316 1597 389 ἑτοῖμα·
1627 311 1751 371 ε’πεί
1769 336 1832 370 τε
1858 311 1933 383 δὲ,

325 407 429 478 τῆς
454 402 597 480 ὥρης
620 404 913 485 γινομένης
936 406 1036 461 τοῦ
1063 403 1303 471 δείπνου,
1325 404 1590 478 παρῆσαν
1602 399 1670 481 ,οἵ
1682 425 1746 459 τε
1765 398 1937 459 ἄλλοι

329 490 651 566 δαιτυμόνες
691 492 784 549 καὶ
823 490 856 550 ὅ
887 490 1196 570 Ἅρπαγος,
1235 492 1391 549 τοῖσι
1427 491 1531 566 μὲν
1570 486 1805 548 ἄλλοισι
1822 490 1827 495 ’
1844 488 1938 546 καὶ

329 576 478 657 αὐτῷ
504 577 808 658 Ἀστυάγεϊ
837 577 1205 655 παρετιθέατο
1236 575 1505 653 τράπεζαι
1536 576 1799 635 ἐπιπλέοι
1828 600 1934 653 μη-

329 665 494 725 λείων
513 670 702 743 κρεῶν,
717 665 984 746 Ἀρπάγῳ
1010 664 1071 723 δὲ
1094 668 1195 723 τοῦ
1214 662 1412 727 παιδός
1434 668 1536 723 τοῦ
1564 666 1765 723 ἑωυτοῦ
1785 662 1940 740 πλὴν

331 758 588 829 κεφαλῆς
616 778 680 813 τε
715 756 807 813 καὶ
837 752 1019 829 ἄκρων
1041 756 1243 831 χειρῶν
1267 777 1331 812 τε
1356 752 1451 811 καὶ
1474 751 1663 811 ποδιῦν
1685 751 1758 810 τὰ
1784 750 1939 811 ἄλλα

330 840 532 901 πάντα·
573 845 751 901 ταῦτα
789 841 849 900 δὲ
883 841 1053 920 χωρὶς
1086 842 1262 899 ἔκειτο
1302 840 1393 899 ἐπὶ
1430 840 1603 919 κανέῳ
1642 865 1939 899 κατακεκα-

331 930 608 1006 λυμμένα·
651 928 723 991 ὥς
763 930 824 989 δὲ
857 933 936 1009 τῷ
967 927 1234 1006 Ἀρπάγῳ
1273 927 1455 987 ε’δόκεε
1495 928 1622 991 ἅλις
1660 929 1803 1006 ἔχειν
1839 932 1941 1005 τῆς

331 1018 533 1095 βορῆς,
557 1016 877 1099 Ἀστυάγης
903 1015 1079 1093 εἴρετό
1110 1040 1211 1092 μιν
1243 1019 1291 1074 εἰ
1322 1014 1525 1091 ἡσθείη
1556 1041 1615 1075 τι
1642 1019 1716 1094 τῇ
1748 1016 1941 1093 θοίνῃ;

335 1105 590 1182 φαμένου
615 1104 676 1163 δὲ
698 1103 987 1185 Ἁρπάγου
1014 1104 1106 1163 καὶ
1132 1101 1310 1179 κάρτα
1333 1101 1581 1177 ἡσθῆναι
1604 1103 1942 1179 παρέφερον,

333 1195 489 1251 τοῖσι
512 1191 860 1270 προσέκειτο,
884 1191 990 1268 τήν
1016 1189 1274 1266 κεφαλὴν
1296 1194 1398 1250 τοῦ
1423 1190 1620 1253 παιδός
1645 1214 1943 1249 κατακεκα-

335 1280 627 1356 λυμμένην
659 1279 752 1339 καὶ
785 1278 888 1341 τοὶς
915 1282 1108 1357 χεῖρας
1144 1279 1238 1337 καὶ
1272 1278 1403 1342 τοῦς
1432 1278 1624 1349 πόδας,
1646 1276 1945 1359 Ἀρπαγον

336 1366 399 1426 δὲ
433 1367 688 1427 ἐκέλευον
717 1367 1062 1444 προστάντες
1095 1364 1513 1426 ἀποκαλύπτειν
1536 1392 1598 1425 τε
1624 1367 1717 1425 καὶ
1741 1367 1946 1443 λαβεῖν

333 1454 402 1516 τὰ
440 1454 716 1531 βούλεται
755 1454 952 1515 αὐτῶν·
993 1453 1323 1531 πειθόμενος
1363 1455 1423 1514 δὲ
1458 1455 1491 1515 ὁ
1520 1454 1815 1536 Ἀρπαγος
1853 1455 1947 1513 καὶ

335 1541 749 1603 ἀποκαλύπτων
778 1542 887 1623 ὁρᾷ
918 1546 1020 1602 τοῦ
1051 1542 1252 1605 παιδὸς
1280 1541 1353 1602 τοῖ
1389 1544 1689 1620 λείμματα,
1728 1542 1854 1602 ἶδῶν
1887 1542 1948 1601 δὲ

335 1629 464 1691 οὔτε
510 1629 796 1713 ἐξεπλάγη
837 1629 989 1693 ἐντός
1031 1655 1094 1689 τε
1138 1632 1338 1689 ἑωυτοῦ
1378 1630 1608 1711 γίνεται·
1668 1630 1845 1707 εἴρετο
1887 1630 1949 1689 δὲ

335 1717 504 1780 αὐτὸν
545 1719 576 1779 ὁ
617 1717 952 1800 Ἀστυάγης,
1003 1720 1052 1777 εἰ
1093 1716 1363 1799 γινώσκοι
1408 1717 1534 1777 ὅτευ
1578 1719 1771 1795 θηρίου
1814 1718 1949 1796 κρέα

333 1806 661 1885 βεβρώκοι;
700 1806 732 1867 ὁ
757 1806 819 1867 δὲ
844 1808 938 1866 καὶ
961 1804 1259 1887 γινώσκειν
1284 1807 1395 1882 ἔφη
1422 1807 1515 1865 καὶ
1540 1806 1781 1884 α’,ρεστόν
1809 1806 1948 1867 εἶναι

336 1900 452 1955 πᾶν
474 1896 540 1956 τό
566 1894 635 1956 ἂν
659 1893 940 1972 βασιλεῦς
965 1894 1119 1973 ἔρδῃ.
1192 1893 1445 1955 τούτοισι
1470 1894 1533 1953 δὲ
1556 1894 1948 1973 ἀμειψάμενος,

339 1983 434 2041 καὶ
464 1981 772 2059 οἷναλαβῶν
799 1982 884 2063 τὰ·
905 1981 1084 2041 λοιποὶ
1108 1984 1221 2041 τῶν
1253 1985 1441 2058 κρεῶν,
1467 1979 1556 2055 ἤϊε
1589 1987 1643 2044 ἐς
1674 1981 1746 2040 τὰ
1782 1983 1946 2041 οἰκία·

341 2071 590 2131 ἐνθεῦτεν
615 2070 676 2129 δὲ
702 2071 924 2147 ἔμελλε,
953 2070 1024 2133 οἷς
1051 2067 1160 2153 ε’γῶ
1186 2070 1373 2141 δοκέω,
1400 2068 1608 2131 ἁλίσας
1646 2068 1847 2147 θάψειν
1875 2068 1950 2130 τὰ

340 2156 544 2217 πάντα.

420 2243 688 2327 ‘Apa-0:79
727 2248 831 2323 μὲν
860 2244 1181 2328 Ἀστυάγης
1217 2246 1373 2322 δίκην
1407 2243 1617 2321 ταύτην
1650 2245 1903 2321 ε’πέθηκε.
1929 2246 2045 2305 120

343 2331 536 2409 Κύρου
577 2334 638 2393 δὲ
678 2334 808 2411 πέρι
846 2333 1153 2411 βουλεύων,
1198 2333 1394 2393 ε’κάλεε
1433 2332 1563 2395 τούς
1605 2332 1804 2397 αὐτοῦς
1843 2337 1953 2393 τῶν

340 2419 546 2502 μάγων
572 2420 626 2481 οἳ
654 2421 722 2481 τό
756 2420 1008 2482 ἐνύπνιόν
1039 2424 1094 2481 οἶ
1123 2420 1298 2500 ταύτῃ
1326 2422 1557 2498 ἔκριναν,
1584 2419 1953 2499 ἀπικομένους

343 2507 404 2566 δὲ
431 2508 606 2585 εἴρετο
634 2508 665 2569 ὁ
689 2508 1008 2591 Ἀστυάγης
1031 2514 1105 2589 τῇ
1133 2508 1349 2586 ἔκρινάν
1375 2512 1429 2577 ,οἱ
1462 2508 1566 2585 τὴν
1598 2508 1763 2587 ὅψιν;
1807 2512 1861 2568 οἶ
1892 2508 1953 2567 δὲ

346 2595 488 2654 κατὰ
509 2596 685 2657 ταῦτὰ
712 2597 890 2668 εἶπαν,
915 2598 1179 2678 λέγοντες
1210 2596 1281 2660 ὥς
1312 2598 1665 2673 βασιλεῦσαι
1686 2600 1834 2674 χρῆν
1855 2595 1955 2655 τᾶν

344 2683 520 2741 παῖδα
561 2688 610 2744 εἰ
654 2686 898 2755 ἐπέζωσε
941 2685 1034 2743 καὶ
1073 2682 1157 2761 μὴ
1200 2683 1443 2744 α’πέθανε
1483 2684 1774 2762 πρότερον·
1818 2683 1850 2744 ὁ
1895 2684 1955 2743 δὲ

349 2767 646 2846 ἀμείβεται
673 2772 873 2834 αὐτοῦς
896 2772 1107 2832 τοῖσδε·
1137 2781 1173 2807 “
1190 2774 1313 2831 ἔστι
1335 2798 1398 2832 τε
1430 2771 1461 2831 ὅ
1486 2776 1618 2835 παῖς
1654 2772 1771 2853 [καὶ
1802 2772 1953 2849 περί-

349 2857 496 2939 εστι]
523 2860 622 2918 καί
639 2886 736 2937 μιν
763 2858 846 2919 ἐπ’
873 2859 1049 2941 ἀγροῦ
1087 2858 1444 2935 διαιτώμενον
1470 2862 1525 2919 οἱ
1551 2864 1611 2918 ἐκ
1636 2864 1736 2935 τῆς
1769 2859 1954 2937 κώμης

347 2947 542 3009 παῖδες
573 2946 888 3023 ἐστήσαντο
918 2948 1194 3023 βασιλέα·
1228 2946 1261 3007 ὁ
1293 2947 1355 3006 δὲ
1382 2946 1582 3018 πάντα,
1617 2946 1730 3007 ὅσα
1760 2973 1865 3025 περ
1901 2950 1957 3007 οἱ

348 3033 554 3109 οἷληθέῖ
584 3033 738 3115 λόγω
773 3036 1064 3111 βασιλέες,
1104 3034 1374 3095 ἐτελέωσε
1408 3034 1670 3110 ποιήσας·
1714 3034 1807 3093 καὶ
1840 3034 1953 3114 γοὶρ

349 3121 696 3199 δορυφόρους
723 3124 814 3181 καὶ
841 3122 1118 3199 θυρωρους
1146 3123 1238 3180 καὶ
1272 3121 1737 3233 ἀγγελιηφόρους,
1766 3120 1858 3177 καὶ
1882 3120 1956 3178 τοὶ

349 3210 527 3269 λοιπα
551 3208 736 3270 πάντα
761 3209 1102 3279 &maffia-:⁹
1050 3234 1183 3287 ειχε·
1214 3209 1307 3268 καὶ
1330 3214 1429 3268 νῦν
1465 3214 1520 3270 ές
1543 3208 1603 3266 τί
1622 3206 1754 3281 υμῖν
1777 3209 1955 3264 ταῦτα

351 3298 610 3373 φαίνεται
643 3295 903 3376 φέρειν·”
855 3342 871 3367 ,
938 3296 1098 3357 εἶπαν
1123 3299 1180 3355 οἱ
1210 3294 1403 3376 μάγοι·
1440 3304 1476 3329 “
1493 3298 1542 3352 εἰ
1569 3295 1674 3368 μὲν
1702 3292 1960 3368 περίεστί
