2267 3517
402 111 615 173 18-20]
1046 110 1371 161 mmmm.
1641 160 1646 163 ,
1905 103 1998 159 117

395 213 459 249 τε
484 188 703 249 πάντων
730 190 907 265 σφίσι
934 190 1138 259 ἐξεῖναι
1161 188 1478 271 γεύεσθαι·”
1518 188 1553 250 ὅ
1579 187 1639 248 δὲ
1665 185 1790 251 θεός
1814 190 2000 261 σφεας

396 275 497 335 οὐκ
535 277 598 334 ἔα
632 278 840 338 ποιέειν
877 280 1069 348 ταῦτα,
1114 278 1228 354 φοὶς
1260 288 1295 314 “
1303 278 1587 357 Αἴγυπτον
1620 274 1760 333 εἶναι
1797 272 2004 347 ταύτην

394 370 499 446 τήν
538 370 570 429 ὅ
618 374 826 435 Νεῖλος
881 371 1049 432 ἐπιών
1100 370 1271 449 ἔρδει·
1343 373 1434 431 καὶ
1476 369 1811 451 Αἰγυπτίους
1859 366 1997 426 εἶναι

394 458 621 522 τούτους
646 458 701 518 οἳ
725 460 911 537 ἔνερθε
934 458 1341 535 Ἐλεφαντίνης
1366 458 1566 523 πόλιος
1591 457 1859 519 οἰκέοντες
1884 453 1998 515 άπό

393 550 495 607 τοῦ
544 550 803 624 ποταμοῦ
849 545 1051 607 τούτου
1102 546 1382 608 πίνουσι.”
1465 546 1606 606 οὕτω
1659 550 1772 619 σφι
1820 546 1994 603 ταῦτα
2015 543 2088 602 19

394 634 668 713 ἐχρήσθη.
752 636 1045 715 ἐπέρχεται
1083 634 1146 693 δὲ
1185 634 1218 695 ὁ
1263 637 1488 704 Νεῖλος,
1543 630 1712 693 ἐπεὰν
1751 630 1994 709 πληθύῃ,

392 722 458 781 οὗ
484 721 660 799 μόνον
681 720 750 782 τό
780 724 990 793 Δέλτα,
1019 721 1176 781 ἀλλὰ
1216 722 1309 781 καὶ
1334 724 1434 781 τοῦ
1461 723 1718 798 Λιβυκοῦ
1743 744 1807 779 τε
1831 722 1994 799 λεγο·

392 810 561 885 μένου
588 809 773 889 χώρου
806 808 945 870 εἶναι
972 810 1065 869 καὶ
1100 812 1202 870 τοῦ
1231 808 1524 886 Ἀραβίου,
1554 811 1750 887 ἐνιαχῆ
1776 806 1866 865 καὶ
1903 805 1995 865 ἐπὶ

393 896 491 957 δύο
526 897 775 975 ἡμερέων
816 898 1109 975 ἑκατέρωθι
1145 895 1294 968 ὁδὸν,
1331 897 1422 956 καὶ
1451 898 1628 956 πλεῦν
1666 897 1746 955 ἔτι
1775 892 1992 963 τούτου,

396 985 489 1043 καὶ
515 987 788 1046 ἔλασσον.

471 1076 585 1133 Τοῦ
617 1076 875 1149 ποταμοῦ
902 1073 963 1133 δὲ
990 1072 1198 1150 φύσιος
1235 1073 1380 1150 πέρι,
1423 1070 1550 1132 οὔτε
1587 1096 1643 1132 τι
1681 1074 1792 1131 τῶν
1833 1068 1991 1147 ἱρέων

392 1157 519 1219 οὔτε
558 1159 743 1219 ἄλλου
782 1159 1002 1224 ούδενός
1044 1162 1406 1239 παραλαβεῖν
1447 1158 1770 1235 ἐδυνάσθην.
1852 1155 1988 1233 πρό·-
2053 1225 2060 1233 ,

392 1247 568 1324 θυμος
607 1246 667 1307 δὲ
704 1248 765 1305 ἔα
797 1247 929 1307 τάδε
958 1246 1089 1325 παρ’
1117 1248 1298 1308 αὐτῶν
1321 1247 1616 1316 πυθέσθαι,
1645 1244 1679 1308 ὅ
1711 1272 1767 1307 τι
1800 1244 1990 1321 κατέρ-

389 1358 549 1413 χεται
574 1337 678 1411 μὲν
706 1334 738 1395 ὅ
764 1338 974 1399 Νεῖλος
998 1334 1265 1411 πληθύων
1289 1334 1402 1395 ‹in-<3
1431 1334 1678 1413 τροπέων
1711 1336 1821 1393 τιῦν
1846 1333 1992 1410 θερι-

390 1421 527 1482 νέων
566 1420 873 1500 οἷρξάμενος
912 1424 1004 1483 ἐπὶ
1050 1422 1246 1483 ἐκατόν
1286 1422 1512 1499 ἡμέρας,
1550 1420 1808 1484 πελάσας
1847 1419 1892 1478 δ’
1933 1424 1991 1484 ἐς

386 1507 487 1570 τόν
512 1508 751 1588 άριθμόν
784 1511 1022 1571 τουτέων
1051 1513 1162 1570 τῶν
1186 1509 1434 1587 ἡμερέων
1469 1508 1652 1573 ὀπίσω
1687 1508 1990 1587 ἀπέρχεται

388 1596 713 1659 α’πολείπων
750 1598 817 1659 τό
850 1599 1103 1675 ῥέεθρον·
1161 1597 1307 1657 ὥστε
1346 1597 1569 1677 βραχῦς
1604 1596 1705 1658 τὸν
1742 1599 1988 1676 χειμῶνα

387 1684 606 1747 ἅπαντα
641 1686 911 1747 διατελέει
944 1685 1061 1755 ἐῶν,
1088 1685 1259 1764 μέχρι
1299 1682 1366 1745 οὗ
1405 1684 1558 1748 αὖτις
1595 1685 1841 1761 τροπέων
1874 1685 1985 1742 τῶν

388 1774 659 1849 θερινέων.
740 1773 949 1834 τούτων
1003 1771 1077 1833 ὧν
1128 1774 1258 1850 πέρι
1313 1771 1531 1837 οὗδενός
1575 1770 1734 1833 οὐδὲν
1781 1770 1895 1835 οἶός
1931 1767 1982 1830 τ’

389 1860 658 1940 ἐγενόμην
677 1862 1037 1940 παραλαβεῖν
1056 1860 1212 1937 παραῖ
1235 1863 1347 1920 τῶν
1367 1860 1697 1941 Αἰγυπτίων,
1722 1858 1988 1937 ἱστορέων

388 1946 587 2012 αὖτοῦς
633 1948 827 2024 ἥντινα
868 1948 1099 2025 δύναμιν
1143 1950 1256 2031 ἔχει
1301 1947 1333 2008 ὁ
1376 1950 1586 2010 Νεῖλος
1630 1946 1703 2010 τὰ
1745 1948 1988 2023 ἔμπαλιν

389 2034 694 2109 πεφυκέναι
732 2031 845 2095 τῶν
884 2034 1075 2095 ἄλλων
1120 2040 1406 2113 ποταμῶν.
1488 2030 1664 2094 ταῦτά
1701 2059 1764 2093 τε
1804 2033 1874 2109 δὴ
1911 2032 1986 2093 τοῖ

390 2121 701 2201 λελεγμένα
739 2120 1090 2199 βουλόμενος
1128 2124 1347 2194 εἰδέναι,
1397 2121 1667 2199 ἱστόρεον,
1710 2122 1802 2180 καὶ
1849 2118 1883 2181 ὅ
1927 2145 1984 2180 τι

389 2205 561 2285 αὔρας
624 2208 1015 2273 ἀποπνεούσας
1065 2215 1269 2287 μοῦνος
1329 2214 1597 2288 ποταμῶν
1645 2209 1866 2270 πάντων
1919 2207 1986 2267 οὗ

386 2298 707 2375 παρέχεται.
787 2296 974 2357 Ἀλλὰ
1024 2296 1316 2375 Ἑλλήνων
1362 2299 1468 2375 μέν
1512 2324 1672 2369 τινες,
1719 2298 1986 2375 ἐπίσημοι
2001 2298 2080 2357 20

384 2383 729 2463 βουλόμενοι
753 2386 1019 2466 γενέσθαι
1043 2387 1275 2462 σοφίην,
1299 2387 1493 2456 ἔλεξαν
1517 2388 1645 2464 περὶ
1670 2390 1770 2447 τοῦ
1787 2385 1984 2449 ὕδατος

385 2471 585 2533 τούτου
609 2474 917 2550 τριφασίας
946 2473 1123 2537 ὁδούς·
1165 2478 1276 2533 τῶν
1315 2474 1416 2537 τοὶς
1448 2476 1552 2552 μὲν
1585 2474 1682 2534 δύο
1707 2478 1817 2536 τῶν
1841 2473 1984 2534 ὁδῶν

388 2558 500 2619 οὐδ’
526 2560 661 2631 ἀξιῶ
684 2562 1021 2638 μνησθῆναι,
1041 2565 1089 2620 εἰ
1106 2560 1188 2639 μὴ
1211 2560 1351 2622 ὅσον
1371 2566 1620 2641 σημῇναι
1634 2560 1984 2639 βουλόμενος

385 2651 610 2724 μοῦνον·
650 2652 761 2710 τῶν
784 2649 824 2725 ἦ
852 2650 1009 2725 ἑτέρη
1033 2651 1140 2725 μὲν
1165 2650 1322 2731 λέγει
1345 2650 1475 2715 τούς
1501 2652 1727 2727 ἐτησίας
1751 2649 1985 2727 ἀνέμους

387 2735 527 2795 εἶναι
567 2738 772 2800 αἰτίους
810 2735 1085 2813 πληθύειν
1122 2736 1224 2797 τόν
1261 2736 1533 2814 ποταμὸν,
1577 2737 1888 2801 κωλύοντας
1928 2742 1984 2800 ἐς

388 2822 693 2885 θάλασσαν
718 2824 923 2900 ἐκρέειν
945 2822 1047 2885 τόν
1072 2828 1306 2885 Νεῖλον.
1374 2824 1652 2889 πολλάκις
1679 2826 1738 2884 δὲ
1766 2824 1984 2901 ἐτησίαι

383 2910 488 2985 μὲν
514 2910 614 2972 οὐκ
641 2910 715 2973 ὧν
742 2912 1028 2981 ἔπνευσαν,
1056 2910 1089 2971 ὁ
1122 2912 1182 2971 δὲ
1215 2914 1426 2975 Νεῖλος
1464 2911 1641 2973 τῶυτό
1677 2911 1980 2993 ἐργάζεται·

384 2997 529 3076 πρός
555 3000 631 3070 δὲ,
653 3004 701 3060 εἰ
726 2999 943 3077 ἐτησίαι
964 2999 1132 3059 α’ίτιοι
1159 2996 1324 3075 ἦσαν,
1344 3004 1490 3079 χρῆν
1507 3001 1600 3060 καὶ
1619 3001 1746 3063 τούς
1771 2998 1982 3061 ἄλλους

385 3087 673 3164 ποταμούς
698 3087 830 3149 ὅσοι
862 3090 1019 3148 τοῖσι
1054 3088 1317 3167 ἐτησίῃσι
1349 3088 1527 3148 α’ντίοι
1557 3087 1749 3164 ῥέουσι
1780 3085 1982 3161 ὁμοίως

383 3173 628 3256 πάσχειν
668 3176 761 3235 καὶ
792 3174 935 3235 κατοὶ
972 3174 1047 3234 ταῖ
1086 3173 1230 3235 ἀὐτὰ
1267 3178 1345 3252 τῷ
1383 3174 1591 3250 Νείλῳ,
1622 3172 1714 3230 καὶ
1751 3175 1982 3247 μᾶλλον

384 3262 466 3323 ἔτι
498 3264 767 3345 τοσούτῳ,
794 3262 914 3343 ὅσῳ
952 3260 1263 3325 ἐλάσσονες
1297 3259 1476 3322 ἐόντες
1507 3258 1886 3333 ἀσθενέστερα
1907 3256 1982 3317 τοὶ

2186 3313 2207 3324 Α
