2267 3517
346 144 631 209 187-1901
1046 143 1279 198 mmo.
1893 147 1960 195 93

344 227 519 287 παῖδα
545 227 925 303 ἐστρατεύετο,
956 227 1158 307 ἔχοντά
1180 254 1243 288 τε
1268 232 1368 287 τοῦ
1393 227 1606 306 πατρός
1629 230 1731 287 τοῦ
1759 229 1960 286 ἐωυτσῧ

345 314 590 392 τοῦνομα
605 314 949 391 Λαβυνήτου
966 317 1059 375 καὶ
1072 315 1177 391 τὴν
1193 315 1512 393 Ἀσσυρίων
1528 313 1728 394 ἀρχήν.
1765 313 1960 395 (στρα-

346 403 560 464 τεύεται
599 402 660 461 δὲ
691 401 761 476 δὴ
793 404 1071 479 βασιλεῦς
1102 403 1134 463 ὁ
1165 404 1344 485 μέγας
1380 404 1472 461 καὶ
1505 404 1740 462 σιτίοισι
1773 401 1832 461 εὖ
1867 406 1961 461 ἐσ-

351 490 749 567 κευασμένοισι
790 491 856 561 ἐξ
892 492 1047 551 οἴκου
1088 492 1184 551 καὶ
1221 489 1588 569 προβάτοισι·
1632 491 1724 549 καὶ
1762 488 1830 566 δὴ
1869 490 1963 549 καὶ

350 578 493 656 ὕδωρ
533 577 647 638 6.πό
684 580 789 638 τοῦ
830 577 1117 638 Χοάσπεω
1156 582 1416 656 ποταμοῦ
1457 577 1576 656 ἅμα
1622 576 1818 660 ἄγεται
1860 581 1964 637 τοῦ

352 666 504 745 παρὰ
537 668 732 732 Σοῦσα
761 668 1000 744 ῥέοντος,
1024 671 1128 727 τοῦ
1157 665 1368 744 μούνου
1396 667 1544 726 πίνει
1567 666 1847 743 βασιλεύς
1871 666 1965 725 καὶ

352 752 537 814 ἄλλου
589 752 811 819 ούδενός
854 758 1117 832 ποταμοῦ
1121 780 1136 794 ·
1180 754 1381 815 τούτου
1427 754 1488 814 δὲ
1531 758 1632 814 τοῦ
1679 752 1964 813 Χοάσπεω

352 846 453 902 τοῦ
476 841 677 906 ὕδατος
701 841 1065 921 ἀπεψημένου
1087 842 1306 902 πολλαὶ
1341 840 1517 920 κάρτα
1541 841 1751 920 ἅμαξαι
1773 839 1966 919 τετρᾶἒ·

356 934 551 990 κυκλοι
600 929 880 1007 ἤμιόνειαι
934 930 1264 1007 κομίζουσαι
1306 936 1364 991 ἐν
1406 929 1688 1012 ἅγγείοισι
1738 928 1966 1011 α’ργυρέ-

354 1042 488 1089 οισι,
519 1020 745 1080 ἔπονται
772 1018 885 1096 ὅπη
913 1016 982 1079 ἂν
1003 1018 1274 1099 ἐλαύνῃσι
1301 1018 1611 1097 ἑκάστοτε.)
1676 1016 1841 1077 Ἐπεί
1861 1043 1924 1078 τε
1945 1020 2056 1079 189

354 1104 415 1164 δὲ
441 1106 473 1165 ὁ
500 1112 687 1183 Κῦρος
718 1106 1094 1184 πορευόμενος
1130 1108 1224 1167 ἐπὶ
1254 1106 1359 1183 τὴν
1391 1107 1714 1182 Βαβυλῶνα
1751 1106 1962 1186 ἐγίνετο

358 1194 450 1252 ἐπὶ
481 1194 660 1273 Γύνδῃ
691 1199 944 1275 ποταμῷ,
980 1199 1082 1256 τοῦ
1116 1198 1177 1255 αἶ
1206 1196 1311 1273 μὲν
1334 1194 1512 1274 πηγαὶ
1539 1198 1598 1253 ἐν
1621 1197 1967 1269 Ματιηνοῖσι

359 1279 567 1357 οὔρεσι,
604 1283 717 1360 ῥέει
753 1282 813 1342 δὲ
848 1282 941 1343 διὰ
977 1283 1324 1361 Δαρδανέων,
1359 1282 1567 1342 ἐκδιδοῖ
1595 1280 1656 1341 δὲ
1691 1286 1746 1344 ἐς
1778 1281 1966 1359 ἕτερον

356 1368 613 1446 ποταμὸν
646 1370 859 1451 Τίγριν·
900 1370 933 1431 ὅ
959 1371 1019 1431 δὲ
1044 1371 1200 1449 παραὶ
1217 1369 1395 1431 Ὦπιν
1419 1369 1589 1431 πόλιν
1624 1371 1762 1448 ῥέων
1783 1374 1838 1432 ἐς
1861 1368 1966 1446 τὴν

355 1454 634 1535 Ἐρυθρῆν
666 1457 970 1519 θάλασσαν
1005 1458 1228 1519 ἐκδιδοῖ·
1272 1463 1472 1520 τοῦτον
1506 1457 1576 1535 δὴ
1612 1457 1712 1519 τᾶν
1750 1455 1965 1534 Γύνδην

354 1544 612 1623 ποταμὸν
631 1545 704 1610 ὥς
722 1546 1031 1625 διαβαίνειν
1051 1551 1308 1626 ἐπειρᾶτο
1327 1546 1358 1607 ὅ
1373 1551 1577 1624 Κῦρος,
1598 1546 1760 1615 ἐόντα
1777 1570 1966 1622 νηυσι·

354 1634 611 1712 πέρητον,
641 1634 879 1695 ἐνθαῦτά
910 1638 964 1695 οἶ
993 1640 1104 1696 τῶν
1139 1660 1224 1699 τις
1257 1638 1387 1712 ἱρῶν
1413 1635 1596 1695 ἵππων
1619 1639 1730 1696 τῶν
1745 1637 1959 1694 λευκῶν

353 1720 463 1782 ὑπὸ
501 1722 706 1801 ὕβριος
738 1722 922 1800 ἐσβὰς
954 1727 1009 1787 ἐς
1037 1722 1140 1783 τᾶν
1169 1722 1440 1801 ποταμὸν,
1475 1723 1783 1801 διαβαίνειν
1815 1727 1958 1782 ἐπει-

352 1814 513 1887 ρόῐτο·
544 1811 577 1871 ὅ
604 1810 669 1871 δέ
684 1836 784 1888 μιν
802 1809 1117 1888 συμψήσας
1141 1809 1494 1890 ὖποβρύχιον
1512 1808 1738 1891 οἰχώκεε
1758 1809 1962 1888 φέρων.

354 1897 533 1975 κάρτα
563 1924 627 1959 τε
666 1898 735 1975 δὴ
770 1900 1109 1978 ἐχαλέπαινε
1140 1902 1218 1978 τῷ
1249 1903 1483 1978 ποταμῷ
1517 1898 1549 1958 ὁ
1583 1903 1770 1975 Κῦρος
1799 1902 1966 1957 τοῦτο

353 1984 672 2063 ύβρίσαντι,
713 1987 807 2046 καὶ
844 1990 897 2046 οἶ
934 1987 1286 2063 ἐπηπείλησε
1317 1986 1458 2047 οὕτω
1490 1985 1559 2061 δή
1591 2010 1690 2062 μιν
1722 1984 1964 2065 ἀσθενέα

354 2073 633 2148 ποιήσειν,
662 2072 807 2134 ὥστε
826 2078 927 2134 τοῦ
946 2079 1154 2135 λοιποῦ
1174 2075 1266 2135 καὶ
1290 2072 1553 2156 γυναῖκάς
1576 2098 1674 2149 μιν
1701 2070 1966 2136 εὐπετέως

356 2157 423 2217 τό
459 2159 595 2240 γόνυ
640 2160 705 2220 οὗ
747 2160 1075 2239 βρεχούσας
1115 2161 1518 2239 διαβήσεσθαι·
1571 2159 1714 2237 μετὰΙ
1755 2159 1816 2218 δὲ
1854 2158 1960 2235 τὴν

357 2244 612 2323 οἷπειλήν,
633 2249 817 2326 μετεὶς
833 2248 937 2325 τὴν
956 2251 1046 2309 ἐπὶ
1065 2252 1386 2327 Βαβυλῶνα
1405 2247 1742 2327 στράτευσιν
1761 2247 1964 2325 διαίρεε

356 2333 463 2410 τήν
488 2335 759 2414 στρατιὴν
782 2332 932 2416 δίχα,
962 2337 1158 2399 διελῶν
1184 2339 1260 2409 δὲ’,
1283 2339 1554 2398 κατέτεινε
1579 2336 1964 2415 σχοινοτενέας

353 2421 627 2494 ὑποδέξας
666 2423 940 2505 διώρυχας
976 2425 1296 2508 όγδῶκοντα
1336 2426 1428 2485 καὶ
1469 2425 1664 2486 ἐκατὸν
1705 2424 1836 2503 παρ’
1881 2429 1964 2484 ἐκ·

352 2509 554 2589 (ἕτερον
590 2511 675 2574 τό’
696 2518 891 2594 χεῖλος
932 2517 1316 2594 τετραμμένας
1360 2519 1463 2575 τοῦ
1516 2513 1730 2574 Γύνδεω
1781 2512 1966 2574 πάντα

351 2599 583 2677 τρόπον·
624 2602 886 2673 διατάξας
917 2603 978 2663 δὲ
1006 2603 1108 2665 τόν
1149 2602 1395 2682 στρατόν
1429 2600 1696 2681 ὀρύσσειν
1723 2603 1962 2661 ἐκέλευε·

354 2687 448 2748 οἷα
495 2688 557 2748 δὲ
606 2688 813 2767 ὁμίλου
857 2694 1083 2751 πολλοῦ
1137 2691 1508 2773 ἐργαζομένου
1547 2689 1713 2767 ἤνετο
1753 2692 1858 2767 μὲν
1895 2688 1963 2749 τό

355 2776 535 2856 ἔργον,
562 2776 710 2855 ὅμως
734 2780 925 2855 μέντοι
958 2778 1065 2855 τὴν
1096 2779 1315 2858 θερείην
1349 2783 1544 2839 πᾶσαν
1583 2776 1756 2839 αὐτοῦ
1789 2776 1964 2857 ταύτῃ

355 2862 643 2943 διέτριψαν
669 2865 1039 2947 ἐργαζόμενοι.

434 2949 534 3014 Ὠς
580 2952 641 3011 δὲ
678 2954 779 3013 τὸν
818 2953 1031 3030 Γύνδην
1072 2953 1330 3030 ποταμὸν
1369 2954 1596 3014 ἐτίσατο
1635 2957 1826 3031 Κῦρος
1866 2957 1922 3016 ἐς
1941 2954 2056 3012 190

351 3040 681 3116 τριηκοσίας
705 3041 798 3099 καὶ
824 3040 1090 3117 ἐξήκοντά
1111 3066 1210 3118 μιν
1237 3040 1508 3119 διώρυχας
1535 3040 1840 3117 διαλαβών,
1870 3041 1962 3098 καὶ

354 3125 421 3185 τό
446 3125 703 3206 δεύτερον
730 3128 825 3205 ἔαρ
858 3128 1176 3205 ύπέλαμπε,
1204 3128 1344 3189 οὕτω
1380 3128 1448 3203 δὴ
1487 3127 1696 3203 ἤλαυνε
1733 3128 1824 3183 ἐπὶ
1859 3126 1964 3201 τὴν

354 3216 694 3293 Βαβυλῶνα·
768 3218 821 3277 οἶ
887 3215 948 3276 δὲ
1005 3215 1364 3292 Βαβυλώνιοι
1425 3210 1962 3289 ἐκστρατευσάμενοι

352 3303 547 3375 ἔμενον
586 3300 775 3367 αὐτόν·
828 3303 951 3365 ἐπεὶ
993 3302 1053 3363 δὲ
1092 3304 1312 3383 ἐγένετο
1353 3299 1594 3361 ἐλαύνων
1633 3297 1816 3378 α’γχοῧ
1859 3302 1961 3375 τῆς
