2267 3517
322 140 390 186 ⁵⁰
950 137 1320 188 ἮνοΔοτοϊ
1864 140 1936 206 [1.

327 214 521 290 Μῆδοι
563 214 798 292 δρῶντες
837 214 1009 276 αὐτοῦ
1046 216 1179 279 τοῦς
1215 214 1474 293 τρόπους,
1523 216 1793 295 δικαστήν
1838 246 1942 296 μιν

327 304 539 361 ἑωυτῶν
567 304 838 378 αἰρέοντο·
880 302 915 362 ὅ
941 303 1002 361 δὲ
1027 302 1112 377 δὴ,
1143 302 1235 361 οἷα
1258 301 1569 379 μνεώμενος
1596 303 1793 385 ἀρχὴν,
1817 307 1941 374 ἰθύς

319 415 384 450 τε
411 390 502 448 καὶ
529 389 738 454 δίκαιος
763 389 854 466 ἦν.
923 390 1124 449 ποιέων
1149 414 1213 449 τε
1237 393 1415 449 ταῦτα
1441 392 1663 452 ἔπαινον
1691 393 1807 473 εἶχε
1834 394 1939 457 οὐκ

328 476 526 557 ὀλίγον
551 476 694 555 πρός
719 482 831 539 τῶν
855 477 1147 548 πολιτέων,
1178 476 1319 536 οὕτω
1356 478 1501 538 ὥστε
1526 480 1937 558 πυνθανόμενοι

321 568 378 624 οἳ
405 570 464 625 ἐν
489 569 627 643 τῇσι
653 565 872 645 ἄλλῃσι
905 564 1128 643 κώμῃσι
1154 564 1226 627 ὥς
1253 564 1495 641 Δηῖόκης
1522 567 1605 643 εἴη
1632 566 1773 645 α’νήρ
1796 574 1936 647 μοῦ-

319 679 415 717 νος
447 652 589 713 κατιὶ
623 653 690 713 τό
729 652 901 731 ὄρθόν
928 653 1174 724 δικάζων,
1201 652 1472 731 πρότερον
1507 655 1936 732 περιπίπτοντες

322 739 566 801 ἀδίκοισι
611 739 890 821 γνώμῃσι,
930 740 1060 801 τότε
1108 740 1235 800 ἐπεί
1273 765 1337 799 τε
1382 739 1649 816 ἤκουσαν,
1692 741 1934 822 ἅσμενοι

318 829 574 912 ἐφοίτεον
613 829 768 907 παροὶ
806 828 908 890 τᾶν
949 827 1194 905 Δηῖόκεα
1235 828 1327 888 καὶ
1367 828 1525 890 αὐτοὶ
1550 829 1931 908 δικασόμενοι·

219 918 296 977 97
314 917 478 981 τέλος
504 918 600 989 δὲ,
643 917 823 978 οὐδενὶ
868 916 1030 996 ἄλλῳ
1079 915 1477 994 ἐπετράποντο.
1559 921 1818 983 Πλεῦνος
1868 922 1932 983 δὲ

314 1006 422 1064 αἰεὶ
457 1007 754 1087 γινομένου
785 1010 890 1068 τοῦ
924 1006 1357 1082 ἐπιφοιτέοντος,
1388 1004 1479 1064 οἵα
1502 1005 1933 1085 πυνθανομένων

313 1092 416 1158 τοῖς
449 1094 605 1159 δίκας
635 1093 970 1171 ἀποβαίνειν
1000 1090 1145 1153 κατὰ
1177 1092 1246 1154 τὰ
1284 1092 1391 1167 ε’ὀν,
1418 1091 1587 1174 γνοΰς
1623 1092 1656 1153 o‘
1684 1094 1931 1173 Δηῖόκης

313 1186 372 1245 ἐς
408 1183 609 1253 ἑωυτὸν
643 1186 759 1243 πᾶν
794 1181 1169 1259 οἷνακείμενον,
1204 1179 1332 1240 οὔτε
1370 1182 1607 1252 κατίζειν
1642 1181 1722 1241 ἔτι
1754 1182 1930 1257 ἤθελε

311 1270 446 1330 ἔνθα
489 1296 597 1348 περ
649 1269 927 1348 πρότερον
979 1268 1325 1345 προκατίζων
1378 1267 1603 1339 ἐδίκαζε,
1650 1266 1762 1327 οὔτ’
1814 1272 1929 1350 ἔφη

312 1357 471 1417 δικᾶν
493 1357 592 1417 ἔτι·
622 1357 688 1416 οὕ
713 1356 825 1436 γάρ
845 1360 902 1416 οἰ
921 1356 1286 1424 λυσιτελέειν,
1303 1359 1414 1415 τῶν
1435 1357 1636 1416 ἑωυτοῦ
1657 1355 1927 1435 ἐξημελη-

312 1442 451 1504 κότα
489 1446 646 1503 τοῖσι
682 1442 863 1506 πέλας
902 1441 971 1502 δι’
1010 1442 1223 1519 ήμέρης
1265 1441 1522 1513 δικάζειν.
1604 1443 1807 1519 ἐούσης
1850 1446 1927 1509 ὧν

309 1530 569 1611 ἁρπαγῆς
595 1530 688 1589 καὶ
715 1529 950 1607 α’νομίης
975 1531 1056 1591 ἔτι
1086 1532 1288 1608 πολλῷ
1310 1532 1541 1607 μᾶλλον
1564 1528 1671 1591 α’νᾶ
1695 1530 1797 1596 τσῖς
1822 1534 1925 1594 κώ-

306 1643 421 1695 μας
446 1616 484 1693 ἢ
511 1617 783 1696 πρότερον
802 1617 889 1694 ἦν,
909 1617 1339 1697 συνελέχθησαν
1358 1619 1413 1677 οἰ
1438 1618 1631 1693 Μῆδοι
1650 1623 1707 1682 ἐς
1723 1619 1922 1695 edm-6,

312 1705 407 1765 καὶ
440 1705 697 1766 ἐδίδοσαν
733 1706 912 1782 σφίσι
946 1704 1122 1787 λόγον
1157 1704 1417 1786 λέγοντες
1450 1705 1579 1781 περὶ
1612 1710 1725 1767 τῶν
1755 1734 1923 1787 κατη-

307 1792 534 1853 κόντων·
590 1792 664 1857 ὥς
709 1792 758 1852 δ’
799 1791 907 1874 ἐγώ
954 1793 1143 1863 δοκέω,
1184 1792 1443 1869 μάλιστα
1488 1794 1683 1874 διεγον
1723 1798 1778 1855 οἰ
1815 1802 1923 1859 τοῦ

275 1880 558 1957 ’Δηῖόκεω
609 1882 796 1959 φίλοι·
855 1879 967 1942 “ου
1010 1905 1124 1962 γαρ
1180 1879 1249 1956 δη
1296 1879 1486 1960 τρόπω
1532 1885 1611 1959 τῷ
1652 1882 1920 1961 παρεόντι

301 1969 609 2049 χρεώμενοι
655 1969 885 2030 δυνατοί
929 1972 1080 2046 εἰμεν
1124 1967 1321 2028 οἰκέειν
1370 1966 1475 2044 τήν
1524 1967 1728 2047 χώρην,
1777 1972 1920 2051 φέρε

301 2057 606 2135 στήσωμεν
647 2058 836 2136 ήμέων
880 2080 1061 2116 αυτων
1105 2054 1383 2131 βασιλέα·
1439 2054 1532 2115 καὶ
1576 2054 1718 2116 οὕτω
1762 2058 1802 2133 ἦ
1852 2086 1918 2122 τε

301 2146 458 2224 χώρη
501 2145 869 2222 ευνομήσεται
910 2144 1005 2210 καὶ
1043 2142 1203 2203 αυτοὶ
1240 2142 1383 2219 πρὸς
1416 2141 1551 2224 ἔργα
1573 2143 1915 2221 τρεψόμεθα,

303 2232 430 2291 οὐδὲ
480 2230 574 2290 υπ’
629 2232 862 2309 ἀνομίης
907 2229 1216 2291 ἀνάστατοι
1262 2228 1559 2306 ἐσόμεθαΡ
1614 2232 1791 2292 ταῦτα’.
1842 2261 1916 2313 κη

205 2319 284 2377 98
301 2318 562 2397 λέγοντες
587 2318 903 2377 πείθουσι*
876 2315 1111 2380 εωυτὸυς
1134 2315 1571 2392 βασιλεύεσθαι·
1611 2316 1825 2379 Αυτίκα
1852 2322 1915 2383 δὲ

301 2403 791 2481 προβαλλομέμων
847 2401 952 2463 τόν
1007 2426 1134 2461 τινα
1186 2401 1499 2478 στήσονται
1547 2404 1821 2479 βασιλέα,
1876 2410 1913 2473 ὅ

301 2489 548 2565 Δηῖόκης
596 2487 669 2563 ἦν
711 2488 934 2551 πολλός
978 2486 1090 2548 ὖπό
1136 2487 1347 2553 παντὸς
1378 2487 1588 2566 ἀ’νδρός
1634 2493 1727 2551 καὶ
1772 2520 1912 2572 προ-

299 2575 664 2653 βαλλόμενος
695 2574 790 2634 καὶ
820 2573 1155 2651 αἰνεόμενος·
1184 2579 1241 2639 ἐς
1264 2574 1299 2635 ὃ
1322 2577 1526 2635 τοῦτον
1551 2581 1911 2645 καταινέουσι

295 2662 554 2739 βασιλέα
581 2661 761 2737 σφίσι
794 2662 953 2722 εἶναι.
1035 2660 1068 2721 ὅ
1100 2660 1149 2722 δ’
1181 2662 1401 2722 ἐκέλευε
1432 2660 1634 2728 αὐτοῦς
1668 2668 1815 2729 οἰκία
1844 2697 1911 2733 τε

299 2752 476 2827 ἑωυτῷ
499 2747 630 2818 ἄξια
651 2752 754 2824 τῆς
776 2748 1090 2825 βασιληίης
1114 2749 1500 2825 οἰκοδομῆσαι,
1522 2750 1615 2811 καὶ
1643 2759 1909 2831 κρατῦναι

301 2834 473 2896 αὖτόν
517 2834 904 2913 δορυφόροισι.
985 2838 1210 2895 ποιεῦσι
1255 2835 1324 2912 δή
1370 2840 1547 2897 ταῦτα
1593 2841 1648 2899 οἰ
1694 2843 1904 2918 Μῆδοι·

298 2922 694 3000 οἰκοδομέουσί
715 2948 780 2982 τε
813 2923 926 3004 γοὶρ
965 2921 1112 3000 αὐτῷ
1150 2923 1298 2983 οἰκία
1327 2921 1555 3003 μεγάλα
1587 2951 1652 2986 τε
1688 2930 1781 2987 καὶ
1817 2934 1904 2991 ἰσ-

292 3010 455 3091 χυροὶ,
492 3008 582 3070 ἵνα
618 3006 784 3072 αὖτός
822 3010 1040 3087 ἔφρασε
1069 3014 1173 3085 τῆς
1205 3009 1407 3089 χώρης,
1436 3010 1529 3069 καὶ
1557 3012 1906 3092 δορυφόρους

295 3097 442 3179 αὐτῷ
475 3096 840 3174 ἐπιτρέπουσι
870 3101 932 3155 ἐκ
963 3094 1186 3156 πάντων
1219 3097 1430 3172 Μήδων
1462 3100 1903 3169 καταλέξασθαι.

295 3186 330 3247 ὅ
366 3187 427 3247 δὲ
461 3185 535 3250 ὥς
559 3186 698 3264 ἔσχε
727 3181 833 3260 τήν
861 3182 1061 3264 ἀρχὴν,
1095 3182 1227 3248 τοῦς
1262 3183 1493 3259 Μήδους
1524 3183 1811 3266 ἠνάγκασε
1842 3190 1905 3251 ἓν

292 3272 559 3351 πόλισμα
581 3268 954 3348 ποιήσασθαι,
980 3271 1074 3331 καὶ
1097 3273 1267 3333 τοῦτο
1290 3271 1766 3349 περιστέλλοντας
1789 3277 1903 3337 τῶν
