<?xml version="1.0" encoding="UTF-8"?>
<!DOCTYPE html PUBLIC "-//W3C//DTD XHTML 1.0 Transitional//EN"
    "http://www.w3.org/TR/xhtml1/DTD/xhtml1-transitional.dtd">
<html xmlns="http://www.w3.org/1999/xhtml" xml:lang="en" lang="en">
 <head>
  <title>
</title>
<meta http-equiv="Content-Type" content="text/html;charset=utf-8" />
  <meta name='ocr-system' content='tesseract 3.04.00' />
  <meta name='ocr-capabilities' content='ocr_page ocr_carea ocr_par ocr_line ocrx_word'/>
</head>
<body>
  <div class='ocr_page' id='page_1' title='image "./herodotus05blakgoog_0290.png"; bbox 0 0 2267 3517; ppageno 0'>
   <div class='ocr_carea' id='block_1_1' title="bbox 239 103 1920 3339">
    <p class='ocr_par' dir='ltr' id='par_1_1' title="bbox 302 103 1913 529">
     <span class='ocr_line' id='line_1_1' title="bbox 305 103 1897 168; baseline 0.002 -14"><span class='ocrx_word' id='word_1_1' title='bbox 305 106 402 154; x_wconf 83' lang='lat'>280</span> <span class='ocrx_word' id='word_1_2' title='bbox 915 103 1284 154; x_wconf 67' lang='grc' dir='ltr'>ἮΡοΔοΤοω</span> <span class='ocrx_word' id='word_1_3' title='bbox 1774 103 1897 168; x_wconf 78' lang='grc' dir='ltr'>[Π.</span> 
     </span>
     <span class='ocr_line' id='line_1_2' title="bbox 302 183 1913 267; baseline 0.001 -22"><span class='ocrx_word' id='word_1_4' title='bbox 302 183 370 246; x_wconf 81' lang='grc' dir='ltr'><em>τό</em></span> <span class='ocrx_word' id='word_1_5' title='bbox 388 185 563 267; x_wconf 85' lang='grc' dir='ltr'>γάλα·</span> <span class='ocrx_word' id='word_1_6' title='bbox 595 185 688 244; x_wconf 80' lang='grc' dir='ltr'>καὶ</span> <span class='ocrx_word' id='word_1_7' title='bbox 711 185 778 246; x_wconf 80' lang='grc' dir='ltr'><strong><em>τό</em></strong></span> <span class='ocrx_word' id='word_1_8' title='bbox 804 187 908 263; x_wconf 75' lang='grc' dir='ltr'>μὲν</span> <span class='ocrx_word' id='word_1_9' title='bbox 927 183 1098 244; x_wconf 71' lang='grc' dir='ltr'>αὐτοῦ</span> <span class='ocrx_word' id='word_1_10' title='bbox 1127 183 1502 260; x_wconf 88' lang='grc' dir='ltr'>ἐπιστάμενον</span> <span class='ocrx_word' id='word_1_11' title='bbox 1521 183 1913 263; x_wconf 72' lang='grc' dir='ltr'>ἀπαρύσαντες</span> 
     </span>
     <span class='ocr_line' id='line_1_3' title="bbox 303 271 1911 353; baseline 0.002 -22"><span class='ocrx_word' id='word_1_12' title='bbox 303 272 564 353; x_wconf 74' lang='grc' dir='ltr'>ἡγεῦνται</span> <span class='ocrx_word' id='word_1_13' title='bbox 592 273 729 333; x_wconf 84' lang='grc' dir='ltr'>εἶναι</span> <span class='ocrx_word' id='word_1_14' title='bbox 754 273 1099 349; x_wconf 82' lang='grc' dir='ltr'>τιμιώτερον·</span> <span class='ocrx_word' id='word_1_15' title='bbox 1140 271 1208 332; x_wconf 72' lang='grc' dir='ltr'>τὸ</span> <span class='ocrx_word' id='word_1_16' title='bbox 1238 271 1282 330; x_wconf 88' lang='grc' dir='ltr'>δ’</span> <span class='ocrx_word' id='word_1_17' title='bbox 1310 271 1693 349; x_wconf 74' lang='grc' dir='ltr'>ὑπιστάμενον</span> <span class='ocrx_word' id='word_1_18' title='bbox 1718 271 1911 349; x_wconf 84' lang='grc' dir='ltr'>ἧσσον</span> 
     </span>
     <span class='ocr_line' id='line_1_4' title="bbox 303 359 1913 436; baseline 0 -16"><span class='ocrx_word' id='word_1_19' title='bbox 303 365 405 420; x_wconf 84' lang='grc' dir='ltr'>τοῦ</span> <span class='ocrx_word' id='word_1_20' title='bbox 432 362 636 436; x_wconf 83' lang='grc' dir='ltr'>ἐτέρου.</span> <span class='ocrx_word' id='word_1_21' title='bbox 688 361 896 420; x_wconf 81' lang='grc' dir='ltr'>τούτων</span> <span class='ocrx_word' id='word_1_22' title='bbox 915 363 1019 436; x_wconf 86' lang='grc' dir='ltr'>μὲν</span> <span class='ocrx_word' id='word_1_23' title='bbox 1041 361 1220 420; x_wconf 79' lang='grc' dir='ltr'>εἵνεκα</span> <span class='ocrx_word' id='word_1_24' title='bbox 1240 359 1459 419; x_wconf 84' lang='grc' dir='ltr'>ἅπαντα</span> <span class='ocrx_word' id='word_1_25' title='bbox 1478 359 1579 421; x_wconf 82' lang='grc' dir='ltr'>τόν</span> <span class='ocrx_word' id='word_1_26' title='bbox 1593 359 1663 420; x_wconf 77' lang='grc' dir='ltr'>ἂν</span> <span class='ocrx_word' id='word_1_27' title='bbox 1680 361 1913 436; x_wconf 85' lang='grc' dir='ltr'>λάβωσι</span> 
     </span>
     <span class='ocr_line' id='line_1_5' title="bbox 305 446 1912 529; baseline 0.001 -22"><span class='ocrx_word' id='word_1_28' title='bbox 305 451 361 507; x_wconf 83' lang='grc' dir='ltr'>οἶ</span> <span class='ocrx_word' id='word_1_29' title='bbox 403 447 614 514; x_wconf 78' lang='grc' dir='ltr'>Σκύθαι</span> <span class='ocrx_word' id='word_1_30' title='bbox 655 452 1020 522; x_wconf 82' lang='grc' dir='ltr'>ἐκτυφλοῦσι·</span> <span class='ocrx_word' id='word_1_31' title='bbox 1075 447 1141 507; x_wconf 79' lang='grc' dir='ltr'>οὔ</span> <span class='ocrx_word' id='word_1_32' title='bbox 1182 447 1293 529; x_wconf 74' lang='grc' dir='ltr'>γᾶρ</span> <span class='ocrx_word' id='word_1_33' title='bbox 1336 446 1536 524; x_wconf 68' lang='grc' dir='ltr'>ἀρόται</span> <span class='ocrx_word' id='word_1_34' title='bbox 1584 449 1713 518; x_wconf 80' lang='grc' dir='ltr'>εἰσὶ,</span> <span class='ocrx_word' id='word_1_35' title='bbox 1755 448 1912 508; x_wconf 62' lang='grc' dir='ltr'>άλλαῖ</span> 
     </span>
    </p>

    <p class='ocr_par' dir='ltr' id='par_1_2' title="bbox 239 534 1915 2196">
     <span class='ocr_line' id='line_1_6' title="bbox 239 534 1913 612; baseline 0.001 -18"><span class='ocrx_word' id='word_1_36' title='bbox 239 537 276 594; x_wconf 89' lang='grc'><strong>3</strong></span> <span class='ocrx_word' id='word_1_37' title='bbox 303 535 554 612; x_wconf 75' lang='grc' dir='ltr'>νομάδες.</span> <span class='ocrx_word' id='word_1_38' title='bbox 608 535 711 594; x_wconf 87' lang='grc' dir='ltr'>Ἐκ</span> <span class='ocrx_word' id='word_1_39' title='bbox 734 535 944 596; x_wconf 83' lang='grc' dir='ltr'>τούτων</span> <span class='ocrx_word' id='word_1_40' title='bbox 970 535 1037 611; x_wconf 80' lang='grc' dir='ltr'>δὴ</span> <span class='ocrx_word' id='word_1_41' title='bbox 1066 534 1141 594; x_wconf 81' lang='grc' dir='ltr'>ὧν</span> <span class='ocrx_word' id='word_1_42' title='bbox 1166 541 1281 609; x_wconf 90' lang='grc' dir='ltr'>σφι</span> <span class='ocrx_word' id='word_1_43' title='bbox 1307 539 1418 595; x_wconf 78' lang='grc' dir='ltr'>τῶν</span> <span class='ocrx_word' id='word_1_44' title='bbox 1446 535 1661 594; x_wconf 85' lang='grc' dir='ltr'>δούλων</span> <span class='ocrx_word' id='word_1_45' title='bbox 1689 536 1913 597; x_wconf 77' lang='grc' dir='ltr'>καὶτῶν</span> 
     </span>
     <span class='ocr_line' id='line_1_7' title="bbox 305 623 1912 704; baseline 0.002 -23"><span class='ocrx_word' id='word_1_46' title='bbox 305 627 577 704; x_wconf 75' lang='grc' dir='ltr'>γυναικῶν</span> <span class='ocrx_word' id='word_1_47' title='bbox 615 624 903 701; x_wconf 79' lang='grc' dir='ltr'>ἐπετράφη</span> <span class='ocrx_word' id='word_1_48' title='bbox 943 627 1151 699; x_wconf 80' lang='grc' dir='ltr'>νεότης·</span> <span class='ocrx_word' id='word_1_49' title='bbox 1195 623 1251 682; x_wconf 78' lang='grc' dir='ltr'>οἳ</span> <span class='ocrx_word' id='word_1_50' title='bbox 1293 623 1418 682; x_wconf 87' lang='grc' dir='ltr'>ἐπεί</span> <span class='ocrx_word' id='word_1_51' title='bbox 1451 647 1518 682; x_wconf 91' lang='grc' dir='ltr'>τε</span> <span class='ocrx_word' id='word_1_52' title='bbox 1556 623 1769 700; x_wconf 81' lang='grc' dir='ltr'>ἔμαθον</span> <span class='ocrx_word' id='word_1_53' title='bbox 1805 624 1912 699; x_wconf 76' lang='grc' dir='ltr'>τὴν</span> 
     </span>
     <span class='ocr_line' id='line_1_8' title="bbox 308 709 1912 792; baseline 0 -22"><span class='ocrx_word' id='word_1_54' title='bbox 308 712 590 788; x_wconf 83' lang='grc' dir='ltr'>σφετέρην</span> <span class='ocrx_word' id='word_1_55' title='bbox 608 712 843 792; x_wconf 86' lang='grc' dir='ltr'>γένεσιν,</span> <span class='ocrx_word' id='word_1_56' title='bbox 862 711 1155 786; x_wconf 78' lang='grc' dir='ltr'>ἠντιοῦντο</span> <span class='ocrx_word' id='word_1_57' title='bbox 1183 709 1407 770; x_wconf 78' lang='grc' dir='ltr'>αὐτοῖσι</span> <span class='ocrx_word' id='word_1_58' title='bbox 1433 714 1689 770; x_wconf 80' lang='grc' dir='ltr'>κατιοῦσι</span> <span class='ocrx_word' id='word_1_59' title='bbox 1717 716 1777 770; x_wconf 91' lang='grc' dir='ltr'>ἐκ</span> <span class='ocrx_word' id='word_1_60' title='bbox 1797 715 1912 771; x_wconf 77' lang='grc' dir='ltr'>τῶν</span> 
     </span>
     <span class='ocr_line' id='line_1_9' title="bbox 308 795 1911 878; baseline 0.001 -22"><span class='ocrx_word' id='word_1_61' title='bbox 308 799 537 874; x_wconf 83' lang='grc' dir='ltr'>Μήδων·</span> <span class='ocrx_word' id='word_1_62' title='bbox 580 799 671 858; x_wconf 86' lang='grc' dir='ltr'>καὶ</span> <span class='ocrx_word' id='word_1_63' title='bbox 706 803 902 877; x_wconf 80' lang='grc' dir='ltr'>πρῶτα</span> <span class='ocrx_word' id='word_1_64' title='bbox 927 801 1031 876; x_wconf 81' lang='grc' dir='ltr'>μὲν</span> <span class='ocrx_word' id='word_1_65' title='bbox 1059 797 1167 874; x_wconf 79' lang='grc' dir='ltr'>τήν</span> <span class='ocrx_word' id='word_1_66' title='bbox 1190 797 1380 878; x_wconf 76' lang='grc' dir='ltr'>χώρην</span> <span class='ocrx_word' id='word_1_67' title='bbox 1412 795 1787 875; x_wconf 72' lang='grc' dir='ltr'>ἀπετάμοντο,</span> <span class='ocrx_word' id='word_1_68' title='bbox 1813 798 1911 858; x_wconf 86' lang='grc' dir='ltr'>τά·</span> 
     </span>
     <span class='ocr_line' id='line_1_10' title="bbox 307 886 1909 966; baseline 0 -20"><span class='ocrx_word' id='word_1_69' title='bbox 307 893 454 964; x_wconf 91' lang='grc' dir='ltr'>φρον</span> <span class='ocrx_word' id='word_1_70' title='bbox 480 887 808 966; x_wconf 79' lang='grc' dir='ltr'>ὀρυξάμενοι</span> <span class='ocrx_word' id='word_1_71' title='bbox 841 886 1049 964; x_wconf 78' lang='grc' dir='ltr'>εὐρέαν,</span> <span class='ocrx_word' id='word_1_72' title='bbox 1077 887 1509 946; x_wconf 86' lang='grc' dir='ltr'>κατατείνουσαν</span> <span class='ocrx_word' id='word_1_73' title='bbox 1540 891 1603 945; x_wconf 89' lang='grc' dir='ltr'>ἐκ</span> <span class='ocrx_word' id='word_1_74' title='bbox 1633 890 1743 947; x_wconf 80' lang='grc' dir='ltr'>τῶν</span> <span class='ocrx_word' id='word_1_75' title='bbox 1769 894 1909 946; x_wconf 86' lang='grc' dir='ltr'>Ταυ-</span> 
     </span>
     <span class='ocr_line' id='line_1_11' title="bbox 305 973 1911 1052; baseline 0 -18"><span class='ocrx_word' id='word_1_76' title='bbox 305 980 472 1052; x_wconf 79' lang='grc' dir='ltr'>ρικῶν</span> <span class='ocrx_word' id='word_1_77' title='bbox 519 975 722 1052; x_wconf 75' lang='grc' dir='ltr'>οὐρέων</span> <span class='ocrx_word' id='word_1_78' title='bbox 769 981 824 1039; x_wconf 89' lang='grc' dir='ltr'>ἐς</span> <span class='ocrx_word' id='word_1_79' title='bbox 867 975 972 1050; x_wconf 77' lang='grc' dir='ltr'>τήν</span> <span class='ocrx_word' id='word_1_80' title='bbox 1017 977 1273 1034; x_wconf 75' lang='grc' dir='ltr'>Μαιῶτιν</span> <span class='ocrx_word' id='word_1_81' title='bbox 1320 975 1543 1051; x_wconf 85' lang='grc' dir='ltr'>λίμνην,</span> <span class='ocrx_word' id='word_1_82' title='bbox 1591 973 1736 1051; x_wconf 86' lang='grc' dir='ltr'>ἥπερ</span> <span class='ocrx_word' id='word_1_83' title='bbox 1786 976 1911 1034; x_wconf 84' lang='grc' dir='ltr'>ἐστὶ</span> 
     </span>
     <span class='ocr_line' id='line_1_12' title="bbox 305 1062 1911 1145; baseline -0.001 -23"><span class='ocrx_word' id='word_1_84' title='bbox 305 1064 568 1145; x_wconf 83' lang='grc' dir='ltr'>μεγίστη·</span> <span class='ocrx_word' id='word_1_85' title='bbox 620 1063 764 1140; x_wconf 75' lang='grc' dir='ltr'>μετὰ</span> <span class='ocrx_word' id='word_1_86' title='bbox 810 1064 885 1133; x_wconf 83' lang='grc' dir='ltr'>δὲ,</span> <span class='ocrx_word' id='word_1_87' title='bbox 927 1063 1347 1140; x_wconf 86' lang='grc' dir='ltr'>πειρεωμένοισι</span> <span class='ocrx_word' id='word_1_88' title='bbox 1395 1062 1711 1138; x_wconf 77' lang='grc' dir='ltr'>ἐσβάλλειν</span> <span class='ocrx_word' id='word_1_89' title='bbox 1756 1067 1911 1122; x_wconf 87' lang='grc' dir='ltr'>τοῖσι</span> 
     </span>
     <span class='ocr_line' id='line_1_13' title="bbox 311 1149 1911 1232; baseline -0.004 -17"><span class='ocrx_word' id='word_1_90' title='bbox 311 1151 562 1230; x_wconf 78' lang='grc' dir='ltr'>Σκύθῃσι</span> <span class='ocrx_word' id='word_1_91' title='bbox 614 1150 1086 1227; x_wconf 74' lang='grc' dir='ltr'>ἀντικατιζόμενοι</span> <span class='ocrx_word' id='word_1_92' title='bbox 1142 1149 1440 1228; x_wconf 83' lang='grc' dir='ltr'>ἐμάχοντο·</span> <span class='ocrx_word' id='word_1_93' title='bbox 1499 1151 1796 1232; x_wconf 73' lang='grc' dir='ltr'>γινομένης</span> <span class='ocrx_word' id='word_1_94' title='bbox 1849 1151 1911 1210; x_wconf 83' lang='grc' dir='ltr'>δὲ</span> 
     </span>
     <span class='ocr_line' id='line_1_14' title="bbox 305 1236 1911 1318; baseline 0.001 -21"><span class='ocrx_word' id='word_1_95' title='bbox 305 1238 492 1318; x_wconf 81' lang='grc' dir='ltr'>μάχης</span> <span class='ocrx_word' id='word_1_96' title='bbox 516 1239 811 1308; x_wconf 78' lang='grc' dir='ltr'>πολλάκις,</span> <span class='ocrx_word' id='word_1_97' title='bbox 833 1240 926 1298; x_wconf 88' lang='grc' dir='ltr'>καὶ</span> <span class='ocrx_word' id='word_1_98' title='bbox 953 1237 1016 1298; x_wconf 81' lang='grc' dir='ltr'>οὗ</span> <span class='ocrx_word' id='word_1_99' title='bbox 1046 1238 1358 1314; x_wconf 83' lang='grc' dir='ltr'>δυναμένων</span> <span class='ocrx_word' id='word_1_100' title='bbox 1384 1236 1541 1296; x_wconf 77' lang='grc' dir='ltr'>οὐδὲν</span> <span class='ocrx_word' id='word_1_101' title='bbox 1567 1239 1745 1298; x_wconf 81' lang='grc' dir='ltr'>πλέον</span> <span class='ocrx_word' id='word_1_102' title='bbox 1766 1239 1911 1318; x_wconf 84' lang='grc' dir='ltr'>ἔχειν</span> 
     </span>
     <span class='ocr_line' id='line_1_15' title="bbox 305 1325 1912 1406; baseline -0.001 -20"><span class='ocrx_word' id='word_1_103' title='bbox 305 1330 416 1386; x_wconf 78' lang='grc' dir='ltr'>τῶν</span> <span class='ocrx_word' id='word_1_104' title='bbox 453 1327 707 1392; x_wconf 89' lang='grc' dir='ltr'>Σκυθέων</span> <span class='ocrx_word' id='word_1_105' title='bbox 741 1331 814 1404; x_wconf 81' lang='grc' dir='ltr'>τῇ</span> <span class='ocrx_word' id='word_1_106' title='bbox 843 1326 1018 1406; x_wconf 83' lang='grc' dir='ltr'>μάχῃ,</span> <span class='ocrx_word' id='word_1_107' title='bbox 1050 1327 1126 1388; x_wconf 81' lang='grc' dir='ltr'>εἷς</span> <span class='ocrx_word' id='word_1_108' title='bbox 1162 1325 1342 1386; x_wconf 78' lang='grc' dir='ltr'>αὐτῶν</span> <span class='ocrx_word' id='word_1_109' title='bbox 1378 1325 1535 1395; x_wconf 80' lang='grc' dir='ltr'>ἔλεξε</span> <span class='ocrx_word' id='word_1_110' title='bbox 1568 1325 1720 1385; x_wconf 86' lang='grc' dir='ltr'>τάδε·</span> <span class='ocrx_word' id='word_1_111' title='bbox 1766 1335 1801 1361; x_wconf 92' lang='lat'><strong>“</strong></span> <span class='ocrx_word' id='word_1_112' title='bbox 1819 1327 1912 1386; x_wconf 82' lang='grc' dir='ltr'>οἷα</span> 
     </span>
     <span class='ocr_line' id='line_1_16' title="bbox 305 1412 1912 1491; baseline 0.002 -20"><span class='ocrx_word' id='word_1_113' title='bbox 305 1419 583 1491; x_wconf 82' lang='grc' dir='ltr'>ποιεῦμεν,</span> <span class='ocrx_word' id='word_1_114' title='bbox 612 1413 802 1491; x_wconf 79' lang='grc' dir='ltr'>ἄνδρες</span> <span class='ocrx_word' id='word_1_115' title='bbox 831 1414 1074 1482; x_wconf 75' lang='grc' dir='ltr'>Σκύθαις</span> <span class='ocrx_word' id='word_1_116' title='bbox 1117 1412 1377 1473; x_wconf 81' lang='grc' dir='ltr'>δούλοισι</span> <span class='ocrx_word' id='word_1_117' title='bbox 1408 1417 1562 1472; x_wconf 83' lang='grc' dir='ltr'>τοῖσι</span> <span class='ocrx_word' id='word_1_118' title='bbox 1586 1413 1912 1490; x_wconf 75' lang='grc' dir='ltr'>ἡμετέροισι</span> 
     </span>
     <span class='ocr_line' id='line_1_17' title="bbox 306 1500 1913 1583; baseline 0.002 -24"><span class='ocrx_word' id='word_1_119' title='bbox 306 1500 634 1579; x_wconf 88' lang='grc' dir='ltr'>μαχόμενοι,</span> <span class='ocrx_word' id='word_1_120' title='bbox 661 1501 824 1561; x_wconf 77' lang='grc' dir='ltr'>αὐτοί</span> <span class='ocrx_word' id='word_1_121' title='bbox 843 1527 906 1560; x_wconf 87' lang='grc' dir='ltr'>τε</span> <span class='ocrx_word' id='word_1_122' title='bbox 938 1500 1252 1564; x_wconf 87' lang='grc' dir='ltr'>ἐλάσσονες</span> <span class='ocrx_word' id='word_1_123' title='bbox 1279 1500 1615 1577; x_wconf 86' lang='grc' dir='ltr'>κτεινόμενοι</span> <span class='ocrx_word' id='word_1_124' title='bbox 1639 1502 1913 1583; x_wconf 84' lang='grc' dir='ltr'>γινόμεθα</span> 
     </span>
     <span class='ocr_line' id='line_1_18' title="bbox 309 1587 1910 1667; baseline 0.001 -19"><span class='ocrx_word' id='word_1_125' title='bbox 309 1589 402 1648; x_wconf 83' lang='grc' dir='ltr'>καὶ</span> <span class='ocrx_word' id='word_1_126' title='bbox 419 1589 654 1652; x_wconf 79' lang='grc' dir='ltr'>ἐκείνους</span> <span class='ocrx_word' id='word_1_127' title='bbox 671 1591 971 1652; x_wconf 88' lang='grc' dir='ltr'>κτείνοντες</span> <span class='ocrx_word' id='word_1_128' title='bbox 991 1587 1319 1649; x_wconf 80' lang='grc' dir='ltr'>ἐλασσόνων</span> <span class='ocrx_word' id='word_1_129' title='bbox 1338 1589 1403 1649; x_wconf 82' lang='grc' dir='ltr'><strong><em>τό</em></strong></span> <span class='ocrx_word' id='word_1_130' title='bbox 1424 1589 1629 1650; x_wconf 83' lang='grc' dir='ltr'>λοιπόν</span> <span class='ocrx_word' id='word_1_131' title='bbox 1649 1588 1910 1667; x_wconf 75' lang='grc' dir='ltr'>ἄρξομεν·</span> 
     </span>
     <span class='ocr_line' id='line_1_19' title="bbox 309 1675 1913 1755; baseline 0 -18"><span class='ocrx_word' id='word_1_132' title='bbox 309 1680 406 1737; x_wconf 85' lang='grc' dir='ltr'>νῦν</span> <span class='ocrx_word' id='word_1_133' title='bbox 430 1675 505 1736; x_wconf 79' lang='grc' dir='ltr'>ὦν</span> <span class='ocrx_word' id='word_1_134' title='bbox 528 1702 629 1754; x_wconf 90' lang='grc' dir='ltr'>μοι</span> <span class='ocrx_word' id='word_1_135' title='bbox 655 1677 832 1736; x_wconf 84' lang='grc' dir='ltr'>δοκέει</span> <span class='ocrx_word' id='word_1_136' title='bbox 863 1675 1071 1755; x_wconf 72' lang='grc' dir='ltr'>αἰχμὰς</span> <span class='ocrx_word' id='word_1_137' title='bbox 1100 1678 1215 1753; x_wconf 49' lang='grc' dir='ltr'>μὲν,</span> <span class='ocrx_word' id='word_1_138' title='bbox 1232 1679 1325 1734; x_wconf 83' lang='grc' dir='ltr'>καὶ</span> <span class='ocrx_word' id='word_1_139' title='bbox 1354 1676 1495 1746; x_wconf 82' lang='grc' dir='ltr'>τόξα</span> <span class='ocrx_word' id='word_1_140' title='bbox 1519 1681 1782 1755; x_wconf 82' lang='grc' dir='ltr'>μετεῖναι,</span> <span class='ocrx_word' id='word_1_141' title='bbox 1810 1682 1913 1737; x_wconf 89' lang='grc' dir='ltr'>λα-</span> 
     </span>
     <span class='ocr_line' id='line_1_20' title="bbox 307 1763 1914 1845; baseline 0.001 -21"><span class='ocrx_word' id='word_1_142' title='bbox 307 1763 492 1840; x_wconf 83' lang='grc' dir='ltr'>βόντα</span> <span class='ocrx_word' id='word_1_143' title='bbox 510 1765 569 1824; x_wconf 87' lang='grc' dir='ltr'>δὲ</span> <span class='ocrx_word' id='word_1_144' title='bbox 590 1765 826 1826; x_wconf 82' lang='grc' dir='ltr'>ἕκαστον</span> <span class='ocrx_word' id='word_1_145' title='bbox 843 1769 945 1825; x_wconf 84' lang='grc' dir='ltr'>τοῦ</span> <span class='ocrx_word' id='word_1_146' title='bbox 968 1765 1142 1824; x_wconf 82' lang='grc' dir='ltr'>ἵππου</span> <span class='ocrx_word' id='word_1_147' title='bbox 1166 1763 1270 1840; x_wconf 68' lang='grc' dir='ltr'>τὴν</span> <span class='ocrx_word' id='word_1_148' title='bbox 1289 1763 1546 1845; x_wconf 77' lang='grc' dir='ltr'>μάστιγα</span> <span class='ocrx_word' id='word_1_149' title='bbox 1568 1766 1707 1825; x_wconf 83' lang='grc' dir='ltr'>ἱέναι</span> <span class='ocrx_word' id='word_1_150' title='bbox 1724 1764 1914 1826; x_wconf 78' lang='grc' dir='ltr'>ἆσσον</span> 
     </span>
     <span class='ocr_line' id='line_1_21' title="bbox 309 1851 1913 1934; baseline 0 -23"><span class='ocrx_word' id='word_1_151' title='bbox 309 1851 506 1914; x_wconf 72' lang='grc' dir='ltr'>αὐτῶν·</span> <span class='ocrx_word' id='word_1_152' title='bbox 542 1854 710 1933; x_wconf 86' lang='grc' dir='ltr'>μέχρι</span> <span class='ocrx_word' id='word_1_153' title='bbox 735 1855 839 1931; x_wconf 79' lang='grc' dir='ltr'>μὲν</span> <span class='ocrx_word' id='word_1_154' title='bbox 861 1852 974 1934; x_wconf 71' lang='grc' dir='ltr'>γὰρ</span> <span class='ocrx_word' id='word_1_155' title='bbox 1004 1853 1176 1930; x_wconf 82' lang='grc' dir='ltr'>ὥρεον</span> <span class='ocrx_word' id='word_1_156' title='bbox 1201 1851 1378 1929; x_wconf 76' lang='grc' dir='ltr'>ἡμέας</span> <span class='ocrx_word' id='word_1_157' title='bbox 1405 1851 1560 1911; x_wconf 80' lang='grc' dir='ltr'>ὅπλα</span> <span class='ocrx_word' id='word_1_158' title='bbox 1586 1854 1829 1931; x_wconf 84' lang='grc' dir='ltr'>ἔχοντας,</span> <span class='ocrx_word' id='word_1_159' title='bbox 1858 1857 1913 1912; x_wconf 79' lang='grc' dir='ltr'>οἱ</span> 
     </span>
     <span class='ocr_line' id='line_1_22' title="bbox 311 1939 1913 2020; baseline 0.001 -20"><span class='ocrx_word' id='word_1_160' title='bbox 311 1941 372 2000; x_wconf 85' lang='grc' dir='ltr'>δὲ</span> <span class='ocrx_word' id='word_1_161' title='bbox 397 1941 646 2020; x_wconf 85' lang='grc' dir='ltr'>ἐνόμιζον</span> <span class='ocrx_word' id='word_1_162' title='bbox 666 1942 857 2020; x_wconf 84' lang='grc' dir='ltr'>όμοῖοί</span> <span class='ocrx_word' id='word_1_163' title='bbox 875 1967 939 2002; x_wconf 91' lang='grc' dir='ltr'>τε</span> <span class='ocrx_word' id='word_1_164' title='bbox 966 1942 1060 2000; x_wconf 86' lang='grc' dir='ltr'>καὶ</span> <span class='ocrx_word' id='word_1_165' title='bbox 1087 1946 1112 2000; x_wconf 91' lang='grc' dir='ltr'>ἐ</span> <span class='ocrx_word' id='word_1_166' title='bbox 1175 1939 1379 2017; x_wconf 80' lang='grc' dir='ltr'>ὁμοίων</span> <span class='ocrx_word' id='word_1_167' title='bbox 1399 1939 1535 2016; x_wconf 76' lang='grc' dir='ltr'>ἡμῖν</span> <span class='ocrx_word' id='word_1_168' title='bbox 1556 1941 1713 2000; x_wconf 87' lang='grc' dir='ltr'>εἶναι·</span> <span class='ocrx_word' id='word_1_169' title='bbox 1746 1940 1913 2001; x_wconf 76' lang='grc' dir='ltr'>ἐπεὰν</span> 
     </span>
     <span class='ocr_line' id='line_1_23' title="bbox 309 2019 1915 2115; baseline 0 -26"><span class='ocrx_word' id='word_1_170' title='bbox 309 2029 371 2089; x_wconf 86' lang='grc' dir='ltr'>δὲ</span> <span class='ocrx_word' id='word_1_171' title='bbox 408 2019 626 2092; x_wconf 64' lang='grc' dir='ltr'>ἴδωνται</span> <span class='ocrx_word' id='word_1_172' title='bbox 661 2031 942 2111; x_wconf 88' lang='grc' dir='ltr'>μάστιγας</span> <span class='ocrx_word' id='word_1_173' title='bbox 977 2029 1101 2090; x_wconf 78' lang='grc' dir='ltr'>ἀντὶ</span> <span class='ocrx_word' id='word_1_174' title='bbox 1119 2028 1326 2115; x_wconf 61' lang='grc' dir='ltr'>ὅπλων</span> <span class='ocrx_word' id='word_1_175' title='bbox 1364 2029 1609 2106; x_wconf 84' lang='grc' dir='ltr'>ἔχοντας,</span> <span class='ocrx_word' id='word_1_176' title='bbox 1640 2029 1915 2104; x_wconf 87' lang='grc' dir='ltr'>μαθόντες</span> 
     </span>
     <span class='ocr_line' id='line_1_24' title="bbox 311 2115 1913 2196; baseline 0 -19"><span class='ocrx_word' id='word_1_177' title='bbox 311 2117 385 2181; x_wconf 79' lang='grc' dir='ltr'>ὥς</span> <span class='ocrx_word' id='word_1_178' title='bbox 421 2124 532 2179; x_wconf 81' lang='grc' dir='ltr'>εἰσι</span> <span class='ocrx_word' id='word_1_179' title='bbox 561 2119 823 2196; x_wconf 83' lang='grc' dir='ltr'>ἡμέτεροι</span> <span class='ocrx_word' id='word_1_180' title='bbox 859 2118 1054 2176; x_wconf 81' lang='grc' dir='ltr'>δοῦλοι</span> <span class='ocrx_word' id='word_1_181' title='bbox 1091 2117 1185 2174; x_wconf 82' lang='grc' dir='ltr'>καὶ</span> <span class='ocrx_word' id='word_1_182' title='bbox 1220 2115 1557 2196; x_wconf 83' lang='grc' dir='ltr'>συγγνόντες</span> <span class='ocrx_word' id='word_1_183' title='bbox 1594 2121 1780 2188; x_wconf 79' lang='grc' dir='ltr'>τοῦτο,</span> <span class='ocrx_word' id='word_1_184' title='bbox 1813 2117 1913 2177; x_wconf 78' lang='grc' dir='ltr'>οὐκ</span> 
     </span>
    </p>

    <p class='ocr_par' dir='ltr' id='par_1_3' title="bbox 242 2197 1915 2809">
     <span class='ocr_line' id='line_1_25' title="bbox 242 2197 1915 2284; baseline -0.001 -18"><span class='ocrx_word' id='word_1_185' title='bbox 242 2207 282 2266; x_wconf 83' lang='grc'>4</span> <span class='ocrx_word' id='word_1_186' title='bbox 308 2205 730 2284; x_wconf 77' lang='grc' dir='ltr'>ὕπομενέουσι.”</span> <span class='ocrx_word' id='word_1_187' title='bbox 792 2208 982 2265; x_wconf 80' lang='grc' dir='ltr'>Ταῦτα</span> <span class='ocrx_word' id='word_1_188' title='bbox 1007 2203 1346 2266; x_wconf 77' lang='grc' dir='ltr'>ἀκούσαντες</span> <span class='ocrx_word' id='word_1_189' title='bbox 1375 2206 1430 2263; x_wconf 79' lang='grc' dir='ltr'>οἱ</span> <span class='ocrx_word' id='word_1_190' title='bbox 1458 2197 1669 2268; x_wconf 75' lang='grc' dir='ltr'>Σκύθαι</span> <span class='ocrx_word' id='word_1_191' title='bbox 1696 2206 1915 2265; x_wconf 84' lang='grc' dir='ltr'>ἐποίευν</span> 
     </span>
     <span class='ocr_line' id='line_1_26' title="bbox 313 2290 1914 2374; baseline -0.001 -21"><span class='ocrx_word' id='word_1_192' title='bbox 313 2293 588 2354; x_wconf 86' lang='grc' dir='ltr'>ἐπιτελέα·</span> <span class='ocrx_word' id='word_1_193' title='bbox 633 2297 686 2353; x_wconf 83' lang='grc' dir='ltr'>οἰ</span> <span class='ocrx_word' id='word_1_194' title='bbox 713 2293 758 2353; x_wconf 83' lang='grc' dir='ltr'>δ’</span> <span class='ocrx_word' id='word_1_195' title='bbox 787 2293 1156 2374; x_wconf 83' lang='grc' dir='ltr'>ἐκπλαγέντες</span> <span class='ocrx_word' id='word_1_196' title='bbox 1184 2297 1263 2369; x_wconf 77' lang='grc' dir='ltr'>τῷ</span> <span class='ocrx_word' id='word_1_197' title='bbox 1285 2290 1575 2372; x_wconf 81' lang='grc' dir='ltr'>γινομένῳ,</span> <span class='ocrx_word' id='word_1_198' title='bbox 1601 2296 1703 2368; x_wconf 82' lang='grc' dir='ltr'>τῆς</span> <span class='ocrx_word' id='word_1_199' title='bbox 1728 2292 1914 2372; x_wconf 87' lang='grc' dir='ltr'>μάχης</span> 
     </span>
     <span class='ocr_line' id='line_1_27' title="bbox 310 2377 1914 2462; baseline -0.001 -21"><span class='ocrx_word' id='word_1_200' title='bbox 310 2407 373 2441; x_wconf 89' lang='grc' dir='ltr'>τε</span> <span class='ocrx_word' id='word_1_201' title='bbox 401 2381 742 2442; x_wconf 86' lang='grc' dir='ltr'>ἐπελάθοντο</span> <span class='ocrx_word' id='word_1_202' title='bbox 775 2382 868 2440; x_wconf 88' lang='grc' dir='ltr'>καὶ</span> <span class='ocrx_word' id='word_1_203' title='bbox 895 2382 1150 2462; x_wconf 84' lang='grc' dir='ltr'>ἔφευγον.</span> <span class='ocrx_word' id='word_1_204' title='bbox 1218 2377 1359 2438; x_wconf 77' lang='grc' dir='ltr'>οὕτω</span> <span class='ocrx_word' id='word_1_205' title='bbox 1392 2383 1447 2438; x_wconf 86' lang='grc' dir='ltr'>οἱ</span> <span class='ocrx_word' id='word_1_206' title='bbox 1478 2378 1692 2444; x_wconf 80' lang='grc' dir='ltr'>Σκύθαι</span> <span class='ocrx_word' id='word_1_207' title='bbox 1721 2385 1823 2456; x_wconf 88' lang='grc' dir='ltr'>τῆς</span> <span class='ocrx_word' id='word_1_208' title='bbox 1852 2407 1914 2440; x_wconf 88' lang='grc' dir='ltr'>τε</span> 
     </span>
     <span class='ocr_line' id='line_1_28' title="bbox 311 2465 1911 2545; baseline -0.001 -17"><span class='ocrx_word' id='word_1_209' title='bbox 311 2467 511 2545; x_wconf 87' lang='grc' dir='ltr'>Ἀσίης</span> <span class='ocrx_word' id='word_1_210' title='bbox 546 2467 737 2544; x_wconf 81' lang='grc' dir='ltr'>ἦρξαν,</span> <span class='ocrx_word' id='word_1_211' title='bbox 778 2468 871 2526; x_wconf 86' lang='grc' dir='ltr'>καὶ</span> <span class='ocrx_word' id='word_1_212' title='bbox 915 2465 1307 2536; x_wconf 81' lang='grc' dir='ltr'>ἐξελασθέντες</span> <span class='ocrx_word' id='word_1_213' title='bbox 1344 2465 1496 2530; x_wconf 77' lang='grc' dir='ltr'>αὖτις</span> <span class='ocrx_word' id='word_1_214' title='bbox 1535 2466 1646 2528; x_wconf 56' lang='lat' dir='ltr'>ivd</span> <span class='ocrx_word' id='word_1_215' title='bbox 1685 2468 1911 2543; x_wconf 87' lang='grc' dir='ltr'>Μήδων,</span> 
     </span>
     <span class='ocr_line' id='line_1_29' title="bbox 319 2553 1915 2634; baseline 0 -18"><span class='ocrx_word' id='word_1_216' title='bbox 319 2557 601 2632; x_wconf 87' lang='grc' dir='ltr'>κατῆλθον</span> <span class='ocrx_word' id='word_1_217' title='bbox 632 2556 820 2634; x_wconf 88' lang='grc' dir='ltr'>τρόπῳ</span> <span class='ocrx_word' id='word_1_218' title='bbox 851 2555 1081 2633; x_wconf 77' lang='grc' dir='ltr'>τοιούτῳ</span> <span class='ocrx_word' id='word_1_219' title='bbox 1108 2560 1164 2617; x_wconf 89' lang='grc' dir='ltr'>ἐς</span> <span class='ocrx_word' id='word_1_220' title='bbox 1196 2553 1304 2630; x_wconf 76' lang='grc' dir='ltr'>τήν</span> <span class='ocrx_word' id='word_1_221' title='bbox 1340 2554 1643 2633; x_wconf 82' lang='grc' dir='ltr'>σφετέρην.</span> <span class='ocrx_word' id='word_1_222' title='bbox 1710 2560 1820 2616; x_wconf 82' lang='grc' dir='ltr'>τῶν</span> <span class='ocrx_word' id='word_1_223' title='bbox 1856 2557 1915 2616; x_wconf 86' lang='grc' dir='ltr'>δὲ</span> 
     </span>
     <span class='ocr_line' id='line_1_30' title="bbox 315 2643 1914 2726; baseline 0 -22"><span class='ocrx_word' id='word_1_224' title='bbox 315 2645 492 2706; x_wconf 82' lang='grc' dir='ltr'>εἵνεκα</span> <span class='ocrx_word' id='word_1_225' title='bbox 538 2643 571 2705; x_wconf 83' lang='grc' dir='ltr'>ό</span> <span class='ocrx_word' id='word_1_226' title='bbox 617 2647 853 2722; x_wconf 82' lang='grc' dir='ltr'>Δαρεῖος</span> <span class='ocrx_word' id='word_1_227' title='bbox 896 2643 1172 2704; x_wconf 86' lang='grc' dir='ltr'>τίσασθαι</span> <span class='ocrx_word' id='word_1_228' title='bbox 1210 2643 1578 2720; x_wconf 82' lang='grc' dir='ltr'>βουλόμενος,</span> <span class='ocrx_word' id='word_1_229' title='bbox 1620 2643 1914 2726; x_wconf 86' lang='grc' dir='ltr'>συνήγειρε</span> 
     </span>
     <span class='ocr_line' id='line_1_31' title="bbox 318 2731 994 2809; baseline -0.001 -18"><span class='ocrx_word' id='word_1_230' title='bbox 318 2731 402 2791; x_wconf 85' lang='grc' dir='ltr'>ἐπ’</span> <span class='ocrx_word' id='word_1_231' title='bbox 429 2731 627 2796; x_wconf 77' lang='grc' dir='ltr'>αὗτοῧς</span> <span class='ocrx_word' id='word_1_232' title='bbox 652 2731 994 2809; x_wconf 88' lang='grc' dir='ltr'>στράτευμα.</span> 
     </span>
    </p>

    <p class='ocr_par' dir='ltr' id='par_1_4' title="bbox 257 2819 1920 3339">
     <span class='ocr_line' id='line_1_32' title="bbox 257 2819 1917 2901; baseline 0 -21"><span class='ocrx_word' id='word_1_233' title='bbox 257 2824 296 2880; x_wconf 85' lang='grc'><strong><em>5</em></strong></span> <span class='ocrx_word' id='word_1_234' title='bbox 393 2819 491 2884; x_wconf 87' lang='grc' dir='ltr'>Ὡς</span> <span class='ocrx_word' id='word_1_235' title='bbox 516 2821 577 2880; x_wconf 81' lang='grc' dir='ltr'>δὲ</span> <span class='ocrx_word' id='word_1_236' title='bbox 611 2819 822 2885; x_wconf 80' lang='grc' dir='ltr'>Σκύθαι</span> <span class='ocrx_word' id='word_1_237' title='bbox 855 2821 1107 2901; x_wconf 87' lang='grc' dir='ltr'>λέγουσι,</span> <span class='ocrx_word' id='word_1_238' title='bbox 1136 2819 1405 2880; x_wconf 77' lang='grc' dir='ltr'>νεώτατον</span> <span class='ocrx_word' id='word_1_239' title='bbox 1420 2819 1692 2894; x_wconf 62' lang='grc' dir='ltr'>,ἁπάντων</span> <span class='ocrx_word' id='word_1_240' title='bbox 1720 2821 1917 2882; x_wconf 87' lang='grc' dir='ltr'>ἐθνέων</span> 
     </span>
     <span class='ocr_line' id='line_1_33' title="bbox 317 2907 1917 2990; baseline -0.001 -22"><span class='ocrx_word' id='word_1_241' title='bbox 317 2909 457 2969; x_wconf 80' lang='grc' dir='ltr'>εἶναι</span> <span class='ocrx_word' id='word_1_242' title='bbox 500 2907 568 2970; x_wconf 75' lang='grc' dir='ltr'>τὸ</span> <span class='ocrx_word' id='word_1_243' title='bbox 610 2909 908 2984; x_wconf 89' lang='grc' dir='ltr'>σφέτερον·</span> <span class='ocrx_word' id='word_1_244' title='bbox 961 2912 1129 2967; x_wconf 82' lang='grc' dir='ltr'>τοῦτο</span> <span class='ocrx_word' id='word_1_245' title='bbox 1173 2909 1231 2967; x_wconf 83' lang='grc' dir='ltr'>δὲ</span> <span class='ocrx_word' id='word_1_246' title='bbox 1271 2909 1538 2990; x_wconf 89' lang='grc' dir='ltr'>γενέσθαι</span> <span class='ocrx_word' id='word_1_247' title='bbox 1578 2907 1700 2968; x_wconf 77' lang='grc' dir='ltr'>ὦδε·</span> <span class='ocrx_word' id='word_1_248' title='bbox 1742 2908 1917 2987; x_wconf 74' lang='grc' dir='ltr'>ἄνδρα</span> 
     </span>
     <span class='ocr_line' id='line_1_34' title="bbox 313 2995 1918 3078; baseline 0 -22"><span class='ocrx_word' id='word_1_249' title='bbox 313 2997 579 3078; x_wconf 87' lang='grc' dir='ltr'>γενέσθαι</span> <span class='ocrx_word' id='word_1_250' title='bbox 613 3000 834 3073; x_wconf 80' lang='grc' dir='ltr'>πρῶτον</span> <span class='ocrx_word' id='word_1_251' title='bbox 868 2999 925 3054; x_wconf 92' lang='grc' dir='ltr'>ἐν</span> <span class='ocrx_word' id='word_1_252' title='bbox 963 2999 1036 3072; x_wconf 83' lang='grc' dir='ltr'>τῇ</span> <span class='ocrx_word' id='word_1_253' title='bbox 1075 2999 1153 3075; x_wconf 84' lang='grc' dir='ltr'>γῇ</span> <span class='ocrx_word' id='word_1_254' title='bbox 1192 2995 1382 3074; x_wconf 80' lang='grc' dir='ltr'>ταύτῃ,</span> <span class='ocrx_word' id='word_1_255' title='bbox 1413 2996 1585 3074; x_wconf 84' lang='grc' dir='ltr'>ἐούσῃ</span> <span class='ocrx_word' id='word_1_256' title='bbox 1614 2995 1812 3074; x_wconf 82' lang='grc' dir='ltr'>ἐρήμῳ,</span> <span class='ocrx_word' id='word_1_257' title='bbox 1840 3000 1918 3074; x_wconf 74' lang='grc' dir='ltr'>τῷ</span> 
     </span>
     <span class='ocr_line' id='line_1_35' title="bbox 316 3081 1918 3163; baseline 0 -21"><span class='ocrx_word' id='word_1_258' title='bbox 316 3082 528 3161; x_wconf 76' lang='grc' dir='ltr'>οὔνομα</span> <span class='ocrx_word' id='word_1_259' title='bbox 568 3085 707 3146; x_wconf 83' lang='grc' dir='ltr'>εἶναι</span> <span class='ocrx_word' id='word_1_260' title='bbox 745 3082 1077 3163; x_wconf 86' lang='grc' dir='ltr'>Ταργίταον·</span> <span class='ocrx_word' id='word_1_261' title='bbox 1118 3087 1222 3142; x_wconf 83' lang='grc' dir='ltr'>τοῦ</span> <span class='ocrx_word' id='word_1_262' title='bbox 1265 3083 1323 3142; x_wconf 82' lang='grc' dir='ltr'>δὲ</span> <span class='ocrx_word' id='word_1_263' title='bbox 1364 3081 1680 3162; x_wconf 83' lang='grc' dir='ltr'>Ταργιτάου</span> <span class='ocrx_word' id='word_1_264' title='bbox 1718 3083 1918 3143; x_wconf 82' lang='grc' dir='ltr'>τούτου</span> 
     </span>
     <span class='ocr_line' id='line_1_36' title="bbox 315 3167 1918 3250; baseline 0 -21"><span class='ocrx_word' id='word_1_265' title='bbox 315 3171 447 3234; x_wconf 78' lang='grc' dir='ltr'>τοῦς</span> <span class='ocrx_word' id='word_1_266' title='bbox 495 3171 692 3234; x_wconf 88' lang='grc' dir='ltr'>τοκέας</span> <span class='ocrx_word' id='word_1_267' title='bbox 751 3171 991 3250; x_wconf 87' lang='grc' dir='ltr'>λέγουσι</span> <span class='ocrx_word' id='word_1_268' title='bbox 1051 3167 1208 3239; x_wconf 82' lang='grc' dir='ltr'>εἶναι,</span> <span class='ocrx_word' id='word_1_269' title='bbox 1263 3169 1389 3245; x_wconf 83' lang='grc' dir='ltr'>ἐμοὶ</span> <span class='ocrx_word' id='word_1_270' title='bbox 1447 3170 1553 3245; x_wconf 83' lang='grc' dir='ltr'>μὲν</span> <span class='ocrx_word' id='word_1_271' title='bbox 1614 3168 1679 3228; x_wconf 76' lang='grc' dir='ltr'>οὔ</span> <span class='ocrx_word' id='word_1_272' title='bbox 1738 3169 1918 3229; x_wconf 74' lang='grc' dir='ltr'>πιστὰ</span> 
     </span>
     <span class='ocr_line' id='line_1_37' title="bbox 314 3254 1920 3339; baseline 0.001 -26"><span class='ocrx_word' id='word_1_273' title='bbox 314 3257 592 3337; x_wconf 86' lang='grc' dir='ltr'>λέγοντες,</span> <span class='ocrx_word' id='word_1_274' title='bbox 617 3258 856 3339; x_wconf 87' lang='grc' dir='ltr'>λέγουσι</span> <span class='ocrx_word' id='word_1_275' title='bbox 881 3255 928 3316; x_wconf 83' lang='grc' dir='ltr'>δ’</span> <span class='ocrx_word' id='word_1_276' title='bbox 959 3255 1033 3317; x_wconf 79' lang='grc' dir='ltr'>ὧν</span> <span class='ocrx_word' id='word_1_277' title='bbox 1059 3256 1173 3316; x_wconf 89' lang='grc' dir='ltr'>Δία</span> <span class='ocrx_word' id='word_1_278' title='bbox 1197 3279 1261 3314; x_wconf 88' lang='grc' dir='ltr'>τε</span> <span class='ocrx_word' id='word_1_279' title='bbox 1286 3254 1379 3314; x_wconf 88' lang='grc' dir='ltr'>καὶ</span> <span class='ocrx_word' id='word_1_280' title='bbox 1408 3255 1789 3331; x_wconf 89' lang='grc' dir='ltr'>Βορυσθένεος</span> <span class='ocrx_word' id='word_1_281' title='bbox 1817 3261 1920 3316; x_wconf 78' lang='grc' dir='ltr'>τοῦ</span> 
     </span>
    </p>
   </div>
  </div>
 </body>
</html>
