2267 3517
286 73 381 121 128
878 72 1247 124 ἩΡοΔοωοω
1779 74 1886 143 [Π.

292 151 443 213 ἄλλο
472 157 639 231 σῶμα
669 158 772 216 τοῦ
801 154 945 231 βοὰς
978 157 1272 232 πιμπλᾶσι
1299 153 1481 233 ἄρτων
1506 156 1762 235 καθαρῶν
1794 159 1889 218 καὶ

290 241 519 317 μέλιτος
546 242 638 301 καὶ
662 241 978 319 ἀσταφίδος
1003 242 1095 301 καὶ
1122 241 1306 321 σύκων
1332 242 1424 302 καὶ
1449 244 1770 320 λιβανωτοῦ
1796 247 1890 305 καὶ

292 329 542 407 σμύρνης
581 330 673 389 καὶ
709 334 820 391 τῶν
858 330 1051 391 ἄλλων
1096 328 1414 407 θυωμάτων·
1466 330 1788 407 πλήσαντες
1827 334 1889 393 δὲ

290 416 513 489 τούτων,
562 420 925 500 καταγίζουσι
970 418 1160 479 ἔλαιον
1205 416 1456 495 ἄφθονον
1504 420 1887 499 καταχέοντες.

291 505 807 582 προνηστεύσαντες
832 506 892 565 δὲ
920 505 1138 568 θύουσι.
1206 506 1508 583 καιομένων
1534 506 1595 567 δὲ
1618 511 1730 568 τῶν
1757 511 1889 585 ῖρῶν

289 593 589 655 τύπτονται
642 594 874 659 πάντες·
930 592 1098 655 ε’πεαν
1149 593 1211 654 δὲ
1262 592 1672 675 ἀποτύψωνται,
1725 595 1889 657 δαῖτα

290 682 644 757 προτίθενται
668 682 739 743 τοὶ
764 682 1026 743 ἐλίποντο
1050 686 1162 743 τῶν
1189 684 1336 759 ἶρῶν.

196 769 270 828 41
371 768 514 832 Τοῦς
535 770 639 847 μέν
656 795 754 830 νυν
772 769 1047 847 καθαροῦς
1070 767 1369 846 βοΰςῒοῦς
1388 770 1616 849 ἔρσενας
1642 772 1736 831 καὶ
1759 772 1888 837 τούς

289 856 544 935 μόσχους
570 860 624 916 οἱ
648 856 848 922 πάντες
873 856 1174 938 Αἰγύπτιοι
1203 856 1423 917 θύουσι·
1463 857 1565 921 τοῖς
1595 859 1655 918 δὲ
1681 860 1889 936 θηλέας

293 942 358 1003 οὔ
388 950 501 1020 σφι
536 945 719 1015 ἔξεστι
751 943 916 1016 θύειν,
943 944 1099 1005 ἀλλὰ
1137 945 1254 1022 ἱραί
1283 947 1395 1006 εἶσι
1422 949 1525 1021 τῆς
1554 944 1753 1011 Ἴσιος.
1819 948 1888 1007 τὰ

288 1032 399 1113 γσὶρ
441 1036 543 1109 τῆς
582 1032 765 1097 Ἴσιος
814 1031 1050 1114 ἄγαλμα
1097 1031 1189 1093 ε’ὁν
1232 1032 1554 1115 γυναικήϊον
1600 1033 1889 1113 βούκερῶν

293 1124 434 1191 ε’στι,
463 1120 708 1199 κατάπερ
724 1120 1003 1197 Ἕλληνες
1026 1119 1131 1195 τήν
1153 1119 1302 1181 Ἰοῦν
1325 1120 1636 1203 γράφουσι·
1669 1122 1762 1181 καὶ
1784 1121 1886 1188 τὰς

288 1209 435 1285 βοῦς
464 1208 565 1273 τοὶς
589 1209 796 1285 θηλέας
820 1208 1118 1289 Αἰγύπτιοι
1147 1206 1349 1271 πάντες
1376 1208 1579 1285 ὁμοίως
1613 1210 1888 1286 σέβονται

289 1296 594 1373 προβάτων
617 1296 839 1357 πάντων
863 1294 1117 1372 μάλιστα
1141 1298 1355 1375 μακρῷ.
1419 1298 1531 1356 τῶν
1558 1296 1738 1357 εἵνεκα
1771 1296 1887 1358 οὔτ’

290 1382 431 1461 ἀνὴρ
460 1383 762 1465 Αἰγύπτιος
798 1382 924 1444 οὔτε
958 1382 1098 1465 γυνή
1127 1382 1299 1461 ἄνδρα
1323 1382 1586 1459 Ἕλληνα
1618 1384 1888 1461 φιλήσειε

292 1468 362 1531 ἂν
389 1474 467 1551 τῷ
491 1471 748 1548 στόματι,
778 1468 905 1531 οὐδὲ
934 1472 1184 1550 μαχαίρῃ
1211 1469 1409 1548 ἀνδρός
1433 1470 1720 1549 Ἕλληνος
1749 1473 1887 1553 χρή-

288 1584 469 1630 σεται,
488 1558 599 1619 οὐδ’
616 1558 898 1636 ὀβελοῖσι,
922 1556 1047 1618 οὐδὲ
1066 1558 1290 1635 λέβητι,
1309 1556 1433 1618 οὐδὲ
1454 1559 1621 1635 κρέως
1641 1559 1888 1637 καθαροῦ

289 1647 434 1724 βοός
479 1648 911 1725 διατετμημένου
950 1645 1259 1725 Ἑλληνικῇ
1304 1647 1556 1727 μαχαίρῃ
1602 1647 1883 1729 γεύσεται.

288 1733 570 1796 θάπτουσι
596 1736 655 1795 δὲ
679 1735 809 1799 τούς
830 1732 1288 1811 ἀποθνήσκοντας
1312 1736 1457 1811 βοῦς
1476 1733 1688 1813 τρόπον
1706 1735 1883 1796 τόνδε·

285 1821 387 1886 τοὶς
411 1825 515 1901 μὲν
541 1823 747 1900 θηλέας
772 1826 827 1887 ἐς
851 1821 951 1884 τόν
974 1821 1232 1900 ποταμὸν
1251 1820 1470 1893 οἷπιᾶσι,
1488 1821 1618 1888 τούς
1644 1822 1705 1883 δὲ
1731 1823 1885 1901 ἔρσε-

288 1936 387 1975 νας
413 1910 835 1989 κατορύσσουσι
862 1912 1089 1972 ἕκαστοι
1115 1914 1175 1971 ἐν
1198 1912 1354 1971 τοῖσι
1380 1907 1786 1988 προαστείοισι,
1814 1909 1882 1972 τὸ

289 1999 449 2077 κέρας
473 1999 539 2062 τὸ
561 2000 747 2078 ἕτερον
764 1998 803 2077 ἢ
824 2000 915 2059 καὶ
940 1997 1238 2077 ἀμφότερα
1256 1997 1622 2077 ύπερέχοντα,
1639 1999 1884 2075 σημηΐου

289 2088 507 2149 εἵνεκεν.
577 2089 743 2149 ε’πεοῖν
783 2089 843 2147 δὲ
882 2092 1061 2167 σαπῇ,
1099 2088 1194 2146 καὶ
1232 2086 1446 2167 προσίῃ
1483 2085 1516 2146 ὅ
1551 2088 1884 2167 τεταγμένος

284 2175 503 2254 χρόνος,
539 2176 854 2237 α’πικνέεται
894 2180 949 2239 ἐς
990 2172 1233 2251 ἑκάστην
1254 2174 1438 2235 ’πόλιν
1473 2173 1642 2251 βάρις
1683 2178 1744 2233 ἐκ
1783 2178 1885 2250 τῆς

287 2264 714 2341 Προσωπίτιδος
754 2262 1092 2340 καλευμένης
1130 2260 1328 2337 νήσου·
1368 2260 1408 2338 ἦ
1447 2260 1492 2321 δ’
1527 2262 1648 2321 ἔστι
1686 2261 1790 2339 μὲν
1826 2266 1885 2322 ἐν

285 2354 362 2429 τῷ
394 2352 957 2428 Δέλτα,«περίμετρον
992 2349 1052 2408 δὲ
1092 2348 1263 2424 αὐτῆς
1299 2349 1411 2409 εἶσὶ
1447 2352 1671 2427 σχοῖνοι
1707 2349 1882 2410 ε’ννέα·

286 2443 347 2499 ἐν
383 2437 555 2518 ταύτῃ
596 2437 671 2498 ὧν
707 2441 779 2515 τῇ
819 2435 1206 2515 Προσωπίτιδι
1246 2435 1401 2515 νήσῳ
1439 2437 1609 2497 ἔνεισι
1646 2438 1750 2514 μὲν
1791 2438 1884 2497 καὶ

285 2525 461 2586 ἄλλαι
478 2524 674 2590 πόλιες
694 2524 915 2604 συχναὶ,
933 2529 993 2583 ἐκ
1011 2526 1111 2600 τῆς
1132 2523 1192 2582 δὲ
1212 2526 1270 2582 αἶ
1295 2523 1464 2601 βάρις
1483 2524 1885 2605 παραγίνονται

285 2612 722 2691 ἀναιρησόμεναι
750 2612 823 2672 τοὶ
860 2612 1034 2673 ὀστέα
1063 2615 1175 2671 τῶν
1207 2612 1365 2688 βοῶν
1402 2610 1613 2689 οὔνομα
1645 2616 1718 2691 τῇ
1744 2612 1885 2673 πόλι

281 2700 647 2781 Ἀτάρβηχις·
677 2704 735 2762 ἔν
754 2700 800 2759 δ’
817 2698 957 2779 αὐτῇ
971 2699 1311 2777 Ἀφροδίτης
1333 2697 1452 2777 ῑρόν
1472 2698 1632 2781 ἅγιον
1650 2700 1878 2777 ἵδρυται.

285 2794 347 2849 ἐκ
380 2788 583 2865 ταύτης
610 2792 712 2865 τῆς
750 2788 950 2851 πόλιος
984 2787 1322 2847 πλανέονται
1351 2788 1581 2857 πολλοὶ,
1615 2785 1790 2847 ἄλλοι
1828 2791 1884 2851 ἐς

284 2876 467 2942 ἄλλας
490 2876 673 2947 πόλις,
700 2874 1061 2954 ἀνορύξαντες
1088 2875 1149 2934 δὲ
1177 2874 1248 2935 τὰ
1276 2872 1450 2935 ὀστέα
1475 2872 1762 2956 ἀπάγουσι
1788 2874 1886 2934 καὶ

285 2964 564 3027 θάπτουσι
585 2970 639 3029 ε’ς
666 2964 761 3024 ἕνα
786 2967 971 3043 χῶρον
995 2961 1218 3027 πάντες.
1282 2961 1424 3023 κατὰ
1447 2961 1624 3022 ταῦτα
1643 2962 1704 3021 δὲ
1728 2964 1884 3023 τοῖσι

283 3053 463 3129 βουσὶ
502 3053 595 3114 καὶ
632 3050 821 3113 τᾶλλα
866 3050 1067 3127 κτήνεα
1102 3048 1387 3112 θάπτουσι
1427 3047 1882 3125 ἀποθνήσκοντα·

285 3143 379 3201 καὶ
415 3141 527 3224 γοὶρ
559 3142 688 3220 περὶ
716 3144 894 3201 ταῦτα
924 3138 1065 3200 οὕτω
1105 3144 1221 3216 σφι
1253 3138 1701 3218 νενομοθέτηται·
1741 3137 1886 3198 κτεί-

286 3253 449 3289 νουσι
472 3230 583 3308 γὰρ
610 3228 679 3307 δὴ
706 3227 833 3291 ου’δέ
855 3231 1053 3291 ταῦτα.
