2267 3517
43 3399 158 3468 R

329 143 428 192 256
939 142 1305 192 ΉΡοΔοωοΤ
1794 142 1922 206 [111.

330 220 542 297 ἔβενον,
587 221 679 279 καὶ
720 219 920 299 ἄνδρας
959 220 1264 301 μεγίστους
1305 219 1398 279 καὶ
1440 221 1786 285 καλλίστους
1838 222 1931 282 καὶ

329 306 836 386 μακροβιωτάτους.

239 398 354 455 115
435 392 614 455 Αὗται
639 395 744 470 μέν
769 420 867 456 νυν
897 395 955 454 ἔν
983 419 1048 454 τε
1081 399 1155 473 τῇ
1192 394 1363 474 Ἀσίῃ
1394 395 1658 474 ἐσχατιαί
1690 399 1803 457 εἶσι
1840 397 1931 455 καὶ

332 488 394 543 ἐν
419 487 493 562 τῇ
517 481 729 560 Λιβύῃ.
809 482 939 561 περὶ
963 482 1025 542 δὲ
1057 487 1171 545 τῶν
1198 488 1257 544 ἔν
1281 487 1354 562 τῇ
1388 481 1632 562 Εὐρώπῃ
1656 488 1766 544 τῶν
1790 483 1931 562 πρός

333 572 575 648 ἑσπέρην
615 571 920 650 ἐσχατιέων
959 571 1068 651 ἔχω
1106 573 1212 648 μὲν
1252 570 1353 630 οὐκ
1404 570 1672 648 ἀτρεκέως
1725 573 1927 652 λέγειν·

333 657 460 719 οὔτε
481 659 594 740 γὰρ
625 659 796 740 ἔγωγε
831 658 1122 736 ἐνδέκομαι
1142 657 1443 736 Ἠριδανόν
1466 683 1592 718 τινα
1629 659 1931 719 καλέεσθαι

331 745 477 824 πρός
525 746 840 825 βαρβάρων
891 745 1166 824 ποταμὸν,
1210 745 1492 807 ἐκδιδόντα
1532 751 1590 810 ε’ς
1628 745 1931 806 θάλασσαν

333 834 441 910 τήν
473 834 614 912 πρὸς
648 837 835 911 βορῆν
870 832 1090 911 ἄνεμον,
1116 833 1213 893 ἀπ’
1244 833 1370 894 ὅτευ
1408 833 1475 893 τό
1500 831 1776 911 ἤλεκτρον
1806 840 1930 911 φοι-

333 927 439 982 τᾶν
491 922 664 1003 λόγος
714 923 857 992 ἐστὶ,
907 920 1036 982 οὔτε
1079 921 1289 998 νήσους
1340 920 1465 981 οἶδα
1517 922 1932 999 Κασσιτερίδας

334 1009 553 1081 ἐούσας,
580 1015 642 1070 ἐκ
666 1014 777 1071 τῶν
803 1010 836 1071 ὁ
867 1010 1203 1087 κασσίτερος
1230 1008 1367 1086 ἡμῖν
1393 1014 1588 1088 φοιτᾷ·
1640 1015 1807 1070 τοῦτο
1830 1013 1932 1086 μὲν

334 1098 462 1180 γὰρ,
491 1099 523 1158 ὁ
548 1098 846 1175 Ἠριδανὸς
871 1097 1006 1158 αὖτὸ
1033 1099 1359 1179 κατηγσρέει
1383 1097 1449 1157 τό
1476 1094 1689 1174 οὔνομα
1716 1098 1787 1162 ὥς
1813 1100 1932 1159 ἔστι

335 1185 672 1263 Ἑλληνικόν
699 1187 805 1258 καὶ,
819 1185 884 1246 οὗ
919 1185 1240 1263 βάρβαρον,
1268 1184 1379 1245 &vra
1414 1187 1655 1262 ποιητέω
1692 1187 1757 1246 δέ
1786 1212 1932 1250 τινος

335 1276 585 1350 ποιηθέν·
633 1278 801 1334 τοῦτο
837 1274 913 1344 δὲ,
949 1273 1170 1338 οὖδενός
1206 1271 1490 1333 αὐτόπτεω
1528 1275 1830 1355 γενομένου
1868 1272 1932 1334 οὔ

335 1361 575 1438 δύναμαι
625 1360 881 1431 οἰκοῦσαι,
933 1365 1102 1421 τοῦτο
1153 1364 1418 1439 μελετῶν,
1472 1359 1610 1425 ὅκως
1662 1361 1933 1422 θάλασσα’,

337 1453 462 1508 ἐστι
491 1448 563 1508 τοὶ
600 1449 849 1508 ἐπέκεινα
879 1452 983 1523 τῆς
1015 1443 1309 1526 Εὐρώπης·
1352 1448 1414 1519 ἐξ
1444 1446 1689 1528 ἐσχάτης
1722 1449 1769 1509 δ’
1802 1450 1877 1510 ὧν
1902 1449 1935 1510 ὅ
1994 1447 2001 1454 ’

244 1539 358 1596 116
377 1561 439 1595 τε
465 1536 798 1612 κασσίτερος
821 1535 957 1611 ἡμῖν
987 1539 1164 1616 φοιτᾷ
1190 1537 1283 1594 καὶ
1310 1536 1379 1596 τὰ
1409 1536 1694 1614 ἤλεκτρον.
1780 1538 1936 1616 Πρός

335 1623 397 1683 δὲ
431 1621 636 1700 ἄρκτου
675 1627 776 1697 τῆς
811 1621 1084 1706 Εὐρώπης
1117 1627 1319 1704 πολλῷ
1348 1649 1406 1684 τι
1430 1627 1702 1687 πλεῖστος
1727 1624 1935 1704 χρυσός

336 1711 595 1787 φαίνεται
647 1708 768 1770 ε’ὥν·
825 1709 964 1774 ὅκως
1008 1714 1114 1788 μὲν
1158 1710 1464 1793 γινόμενος,
1519 1711 1619 1770 οὐκ
1662 1714 1770 1791 ἔχω
1811 1713 1935 1772 οὐδὲ

333 1803 501 1859 τοῦτο
525 1797 793 1876 ἀτρεκέως
820 1798 990 1858 εἶπαι·
1030 1801 1258 1880 λέγεται
1284 1800 1345 1859 δὲ
1368 1799 1460 1859 ὑπ’
1488 1805 1547 1858 ἐκ
1578 1804 1689 1861 τῶν
1712 1804 1937 1882 γρυπῶν

337 1885 601 1964 ἁρπάζειν
623 1886 1030 1966 Ἀριμασποὺς,
1059 1887 1261 1965 ἄνδρας
1286 1887 1781 1965 μουνοφθάλμους·
1820 1889 1935 1949 πεί-

339 1977 509 2053 θομαι
562 1976 624 2036 δὲ
674 1976 802 2037 οὐδὲ
845 1980 1031 2050 τοῦτο,
1082 1975 1222 2040 ὅκως
1264 1975 1702 2054 μουνόφθαλμοι
1747 1974 1935 2055 ἄνδρες

338 2064 592 2140 φύονται,
643 2065 822 2142 φύσιν
873 2067 1096 2144 ἔχοντες
1146 2064 1252 2140 τήν
1304 2063 1491 2140 ἄλλην
1538 2062 1741 2140 ὁμοίην
1783 2069 1935 2125 τοῖσι

335 2150 573 2212 ἄλλοισι
625 2151 992 2231 ἀνθρώποισι.
1073 2155 1133 2212 αἱ
1176 2151 1245 2227 δή
1296 2148 1372 2212 ὧν
1418 2153 1677 2229 ἐσχατιαὶ
1730 2153 1933 2222 οἴκασι,

335 2240 764 2317 περικληίουσαι
813 2240 918 2316 τήν
970 2240 1158 2316 ἄλλην
1209 2239 1397 2319 χώρην
1439 2241 1533 2298 καὶ
1575 2239 1728 2303 ε’ντός
1770 2239 1935 2318 οἶπέρ-
1974 2281 1978 2285 -

334 2353 557 2409 γουσαι,
584 2326 656 2387 τοὶ
695 2327 983 2388 κάλλιστα
1023 2327 1285 2389 δοκέοντα
1316 2327 1451 2404 ἡμῖν
1492 2325 1631 2387 εἶναι
1664 2329 1757 2387 καὶ
1790 2353 1935 2389 σπα-

337 2413 575 2473 νιῶτατα
607 2416 753 2494 ἔχειν
778 2412 960 2474 αὗται.
1031 2471 1042 2482 .

249 2502 357 2562 117
431 2501 604 2560 Ἐστι
655 2502 717 2560 δὲ
768 2502 960 2562 πεδίον
1013 2506 1072 2561 ἐν
1115 2506 1189 2580 τῇ
1234 2500 1403 2580 Ἀσίῃ
1448 2476 1936 2581 περικεκληΐμένον

337 2587 488 2667 οὔρεϊ
513 2588 806 2660 πάντοθεν,
835 2589 1150 2671 διασφάγες
1189 2589 1248 2649 δὲ
1273 2594 1374 2650 τοῦ
1401 2589 1591 2668 οὕρεός
1617 2595 1729 2651 εἰσι
1752 2592 1935 2650 πέντε·

336 2680 503 2736 τοῦτο
527 2677 594 2736 τὸ
619 2677 810 2737 πεδίον
850 2676 920 2753 ἦν
948 2678 1052 2754 μέν
1087 2702 1216 2737 κοτε
1247 2678 1607 2756 Χορασμίων,
1637 2684 1695 2738 ἐν
1721 2677 1937 2757 οὔροισι

338 2762 429 2823 ε’ὂν
473 2769 581 2824 τῶν
633 2765 978 2843 Χορασμίων
1018 2791 1082 2826 τε
1123 2765 1303 2826 αὐτῶν
1350 2767 1442 2825 καὶ
1480 2766 1797 2844 Ὑρκανίων,
1845 2765 1939 2825 καὶ

340 2850 598 2929 Πάρθων,
641 2854 733 2912 καὶ
775 2855 1125 2934 Σαραγγέων,
1170 2854 1263 2913 καὶ
1302 2855 1655 2931 Θαμαναίων·
1716 2855 1843 2914 ε’πεί
1874 2879 1939 2913 τε

335 2939 395 2998 δὲ
439 2940 664 3017 Πέρσαι
711 2942 907 3019 ἔχουσι
950 2941 1018 3000 τὸ
1063 2940 1280 3018 κράτος,
1330 2943 1453 3001 ἔστι
1493 2947 1594 3001 τοῦ
1638 2941 1937 3017 βασιλέος.

335 3031 397 3086 ἐκ
437 3027 506 3103 δὴ
547 3028 622 3088 ὦν
653 3033 755 3088 τοῦ
786 3028 1209 3104 περικληίοντος
1241 3027 1430 3105 οὔρεος
1460 3028 1663 3088 τούτου
1692 3030 1805 3104 ῥέει
1835 3055 1915 3088 πο

333 3114 510 3190 ταμὸς
538 3116 730 3197 μέγας,
770 3114 979 3192 οὕνομα
1018 3115 1082 3174 δέ
1119 3119 1174 3173 οἱ
1214 3117 1339 3174 ε’στὶ
1368 3113 1565 3190 Ἀκης·
1606 3114 1767 3179 οὗτος
1802 3115 1938 3190 πρό-

332 3226 493 3277 τερον
540 3206 645 3278 μὲν
689 3202 942 3279 ἄρδεσκε,
991 3201 1436 3278 διαλελαμμένος
1480 3207 1779 3281 πενταχοῦ,
1826 3199 1939 3261 τῶν

336 3290 632 3362 εἰρημένων
647 3289 856 3349 τούτων
874 3288 974 3351 τοὶς
998 3287 1200 3367 χώρας,
1216 3289 1308 3348 διαὶ
1329 3286 1648 3368 διασφάγος
1663 3288 1939 3366 ἀγόμενος
