2267 3517
296 117 393 167 320
906 105 1276 157 ἮΡοΔοτοτ
1461 145 1466 148 .
1771 104 1898 170 [w.

298 189 532 270 σχεδίην
554 191 750 247 πᾶσαν
776 185 1090 262 προθυμίην
1115 185 1391 260 σωτηρίης
1427 209 1491 244 τε
1521 183 1612 244 καὶ
1640 188 1903 261 φυλακῆς
1966 193 1972 196 ’

299 274 691 355 παρεχόμενοι·
774 277 949 332 ταῦτα
1002 272 1063 330 δὲ
1119 275 1418 341 ποιεῦντες,
1476 272 1600 347 ε’μοὶ
1641 271 1902 352 μεγάλως

302 361 643 446 χαριεῖσθε.”
714 363 948 436 Δαρεῖος
985 361 1089 435 μὲν
1112 363 1290 420 ταῦτα
1322 360 1478 423 εἴπας
1506 365 1560 422 ἐς
1599 359 1666 420 τὰ
1697 359 1898 437 πρόσω

304 452 569 530 ε’πείγετο.

208 543 285 602 99
382 542 497 614 Τῆς
533 537 593 596 δὲ
630 535 903 612 Σκυθικῆς
937 537 1041 616 γῆς
1076 535 1115 611 ἦ
1151 535 1365 612 Θρηίκη
1397 534 1465 594 vd
1501 538 1558 597 ἔς
1589 533 1898 610 θάλασσαν

300 625 607 704 πρόκειται·
648 623 865 684 κόλπου
904 623 965 682 δὲ
1004 623 1282 704 ἀγομένου
1320 626 1424 698 τῆς
1460 626 1567 702 γῆς
1603 622 1821 700 ταύτης,
1858 625 1900 699 ἦ

304 713 547 788 Σκυθική
577 737 639 772 τε
673 711 963 780 ἐκδέκεται,
993 712 1085 768 καὶ
1111 737 1145 770 ο
1162 710 1388 786 Ιστρος
1414 709 1668 770 ε’κδιδοῖ’
1641 737 1698 806 ες
1723 709 1901 786 αὐτὴν

302 801 441 879 πρός
482 800 643 878 εὗρον
680 797 884 875 ἄνεμον
920 797 989 857 τὰ
1028 798 1156 858 στό·
1163 823 1220 856 ια
1257 798 1798 875 τετραμμένος.τὸ
1839 799 1900 857 δὲ

303 889 417 949 ἀπὸ
440 887 747 964 Ἴστρου,”
719 910 951 964 ερχομαι
987 884 1291 997 σημανέων
1313 885 1382 945 τὰ
1416 885 1558 962 πρὸς
1593 883 1900 946 θάλασσαν

305 976 477 1052 αὐτῆς
499 980 600 1051 τῆς
627 975 901 1049 Σκυθικῆς
926 973 1109 1052 χώρης
1134 978 1192 1036 ἐς
1215 973 1506 1051 μέτρησιν·
1539 972 1653 1034 ἀπὸ
1669 972 1902 1052 Ἴστρου

304 1063 446 1140 αὕτη
474 1062 581 1139 ἤδη
606 1061 812 1141 ἀρχαίη
838 1060 1084 1136 Σκυθική
1110 1065 1252 1131 ἐστι,
1279 1060 1420 1136 πρὸς
1442 1062 1811 1138 μεσαμβρίην
1834 1087 1899 1122 τε

305 1152 399 1211 καὶ
425 1151 587 1212 νότον
622 1148 823 1227 ἄνεμον
859 1149 1096 1225 κειμένη,
1123 1149 1294 1227 μέχρι
1327 1147 1528 1212 πόλιος
1561 1149 1902 1226 καλεομένης

308 1237 709 1317 Καρκινίτιδος·
748 1236 817 1297 τὰ
843 1236 903 1296 δὲ
927 1235 1041 1295 ‹in-6
1066 1235 1285 1310 ταύτης,
1311 1235 1414 1310 τῆν
1437 1237 1542 1312 μὲν
1566 1235 1658 1294 ἐπὶ
1685 1236 1900 1296 θάλασ-

307 1352 419 1388 σαν
450 1326 556 1401 τήν
588 1322 764 1400 αὐτὴν
802 1326 1107 1400 φέρουσαν,
1134 1326 1342 1383 εὀΰσαν
1376 1322 1592 1400 ὀρεινήν
1613 1347 1679 1383 τε
1712 1323 1902 1402 χώρην

307 1415 401 1472 καὶ
434 1412 799 1490 προκειμένην
827 1411 895 1471 τό
931 1417 987 1474 ἐς
1021 1411 1260 1480 Πόντον,
1289 1411 1512 1486 νέμεται
1535 1410 1602 1470 τὰ
1629 1411 1902 1488 Ταυρικόν

306 1501 475 1570 ἔθνος,
502 1500 670 1578 μέχρι
708 1498 1079 1574 Χερσονήσου
1116 1501 1220 1573 τῆς
1255 1498 1505 1575 Τρηχέης
1544 1499 1900 1576 καλεομένης·
1931 1543 1937 1548 -

308 1585 447 1663 αὕτη
478 1587 537 1645 δὲ
578 1591 633 1649 ἐς
674 1584 977 1645 θάλασσαν
1014 1583 1119 1660 τήν
1158 1584 1299 1662 πρός
1337 1584 1672 1696 ἀπηλιώτην
1699 1613 1904 1663 ανεμον

309 1674 551 1750 κατήκει.
636 1673 757 1732 ἔστι
784 1671 899 1752 γάρ
928 1677 1031 1748 τῆς
1068 1673 1343 1748 Σκυθικῆς
1370 1672 1442 1732 τοὶ
1473 1673 1571 1732 δύο
1595 1675 1769 1752 μέρεα
1793 1679 1904 1735 τῶν

309 1754 485 1831 οὔρων
526 1760 581 1818 ἔς
623 1753 926 1814 θάλασσαν
968 1754 1229 1830 φέροντα,
1261 1752 1365 1828 τήν
1402 1779 1464 1812 τε
1505 1755 1646 1831 πρὸς
1683 1781 1902 1832 μεσαμ-

308 1842 481 1920 βρίην
522 1842 613 1902 καὶ
652 1840 757 1918 τῆν
794 1841 934 1919 πρὸς
972 1841 1077 1917 τήν
1116 1840 1216 1917 ήῶ,
1245 1840 1490 1919 κατάπερ
1516 1846 1616 1917 τῆς
1646 1840 1904 1920 Ἀττικῆς

309 1931 509 2010 χώρης·
540 1931 631 1990 καὶ
651 1929 1025 2007 παραπλήσια
1043 1929 1219 2008 ταύτῃ
1241 1929 1332 1991 καὶ
1351 1931 1406 1988 οἱ
1425 1934 1632 2006 Ταῦροι
1647 1932 1904 2008 νέμονται

310 2023 410 2094 τῆς
436 2021 725 2095 Σκυθικῆς,
754 2017 824 2081 ὥς
852 2022 899 2078 εἰ
923 2022 1023 2093 τῆς
1046 2017 1304 2092 Ἀττικῆς
1329 2015 1478 2076 ἄλλο
1505 2019 1660 2082 ἔθνος
1695 2019 1787 2078 καὶ
1820 2020 1903 2096 μή

308 2105 595 2184 Ἀθηναῖοι
614 2107 871 2183 νεμοίατο
890 2105 989 2166 τὸν
1006 2104 1208 2187 γουνόν
1225 2103 1325 2164 τᾶν
1345 2106 1663 2178 Σουνιακόν,
1678 2111 1905 2182 μᾶλλον

312 2198 368 2256 ἐς
397 2194 498 2255 τόν
527 2194 734 2254 πόντον
756 2192 861 2268 τῆν
888 2191 1062 2269 ἄκρην
1086 2191 1375 2271 ἀνέχοντα,
1399 2192 1500 2252 τόν
1527 2193 1638 2252 ἀπὸ
1666 2198 1904 2271 Θορικοῦ

309 2282 477 2360 μέχρι
512 2279 915 2357 Ἀναφλύστου
948 2278 1146 2356 δήμου·
1188 2280 1337 2360 λέγω
1363 2279 1439 2349 δὲ,
1469 2280 1539 2343 ὥς
1567 2280 1705 2341 εἶναι
1728 2285 1908 2342 ταῦτα

314 2369 525 2444 σμικροὶ
560 2367 1271 2447 μεγάλοισισυμβαλέειν·
1309 2371 1561 2428 τοιοῦτον
1590 2369 1628 2444 ἦ
1662 2368 1907 2447 Ταυρική

316 2460 455 2514 ε’στι·
485 2454 546 2517 ὃς
565 2455 625 2513 δὲ
642 2459 743 2530 τῆς
767 2453 1025 2530 Ἀττικῆς
1046 2458 1224 2515 ταῦτα
1247 2455 1328 2531 μὴ
1355 2457 1780 2533 παραπέπλωκε,
1800 2459 1908 2538 ἐγώ

315 2542 374 2602 δὲ
410 2541 597 2606 ἄλλως
630 2541 885 2618 δηλώσω·
929 2541 1001 2606 ὥς
1032 2547 1079 2601 εἰ
1104 2546 1205 2618 τῆς
1234 2542 1517 2624 Ἰηπυγίης
1553 2543 1702 2604 ἄλλο
1735 2547 1906 2617 ἔθνος,

316 2629 407 2688 καὶ
440 2629 521 2705 μῆ
555 2629 823 2711 Ἰήπυγες,
860 2628 1158 2706 ἀρξάμενοι
1198 2633 1260 2689 ἐκ
1299 2633 1632 2707 Βρεντεσίου
1664 2634 1906 2709 λιμένος,

315 2714 697 2793 ἀποταμοίατο
713 2718 881 2797 μέχρι
894 2715 1192 2794 Τάραντος,
1209 2716 1302 2777 καὶ
1322 2721 1580 2794 νεμοίατο
1593 2720 1698 2796 τῆν
1715 2719 1908 2798 ἄκρην.

317 2803 414 2864 δύο
455 2804 515 2862 δὲ
554 2805 733 2886 λέγων
771 2808 963 2876 ταῦτα,
995 2805 1192 2864 πολλὰ
1229 2806 1377 2886 λέγω
1416 2807 1716 2884 παρόμοια,
1754 2813 1912 2868 τοῖσι

224 2893 337 2951 100
359 2891 593 2954 ἄλλοισι
619 2895 759 2952 ἔοικε
784 2893 821 2968 ἦ
848 2893 1111 2969 Ταυρική.
1177 2893 1256 2952 Τὸ
1284 2893 1330 2951 δ’
1356 2893 1469 2954 ἀπό
1493 2899 1595 2971 τῆς
1620 2900 1909 2972 Ταυρικῆς,

314 2978 422 3054 ἤδη
465 2979 676 3045 Σκύθαι
712 2981 780 3041 τό
814 2979 1122 3056 κατύπερθε
1151 2983 1262 3039 τῶν
1293 2980 1520 3058 Ταύρων
1556 2983 1650 3040 καὶ
1673 2983 1747 3042 τὰ
1770 2984 1914 3061 πρός

320 3065 618 3142 θαλάσσης
643 3073 743 3143 τῆς
766 3067 925 3142 ἠοίης
950 3068 1226 3142 νέμονται,
1253 3071 1355 3126 τοῦ
1379 3092 1444 3128 τε
1474 3067 1780 3146 Βοσπόρου
1811 3075 1914 3130 τοῦ

321 3155 635 3230 Κιμμερίου
678 3154 751 3213 τὰ
795 3154 936 3229 πρὸς
983 3154 1222 3229 ἑσπέρης
1267 3155 1360 3213 καὶ
1409 3158 1512 3230 τῆς
1560 3156 1765 3231 λίμνης
1813 3161 1916 3232 τῆς

320 3239 645 3312 Μαιήτιδος,
686 3241 855 3319 μέχρι
895 3238 1162 3302 Τανάϊδος
1205 3245 1462 3318 ποταμοῦ
1507 3239 1570 3304 ὃς
1612 3241 1818 3302 ἐκδιδοῖ
1860 3248 1918 3306 ἐς
