2267 3517
283 139 347 186 64
892 134 1253 185 ἮΡοΔοΤοΤ
1805 130 1876 207 [Ι.

283 220 472 293 ’Κῦρος
496 214 849 292 παραλαβών
872 213 972 274 τόν
994 213 1176 295 λαγόν
1200 212 1487 291 οἷνέσχισε·
1530 210 1700 291 εὖρῶν
1731 213 1792 272 δὲ
1824 218 1885 273 ἐν

285 302 430 381 αὐτῷ
479 301 545 361 τό
594 304 837 379 βιβλίον
888 301 1037 361 ε’νεόν
1085 300 1286 377 λαβιόν
1333 300 1648 381 ἐπελέγετο·
1699 300 1773 359 τοὶ
1824 301 1885 360 δὲ

283 389 588 471 γράμματα
629 390 788 471 ἔλεγε
826 388 976 448 τάδε·
1019 398 1055 423 “
1072 388 1113 448 ὦ
1146 393 1252 448 παῖ
1288 388 1635 464 Καμβύσεω,
1670 414 1741 448 σε
1771 387 1884 468 γὰρ

287 479 405 539 θεοὶ
448 477 736 587 ἐπορέωσι·
779 476 846 536 οὗ
882 476 992 558 γοὶρ
1033 474 1100 537 ἅν
1142 501 1270 536 κοτε
1311 481 1365 539 ἐς
1401 480 1675 535 τοσοῦτον
1712 476 1887 554 τύχης

287 564 502 625 ἀπίκευ·
544 591 619 625 συ
649 569 746 625 νῦν
767 563 1086 647 Ἀστυάγεα
1109 564 1211 624 τόν
1234 567 1477 624 σεωυτοῦ
1506 564 1685 640 φονέα
1707 565 1883 624 τίσαι·

288 652 430 713 κατὰ
452 656 556 730 μὲν
585 652 694 734 γάρ
721 652 825 728 τὴν
853 652 1051 714 τούτου
1083 652 1401 729 προθυμίην
1423 651 1706 729 τέθνηκας,
1732 652 1798 712 ro*
1825 653 1887 712 δὲ

288 740 429 802 κατὰ
476 740 633 803 θεούς
674 766 737 801 τε
784 740 876 799 καὶ
918 743 1015 817 ἐμὲ
1058 741 1284 818 περίεις·
1333 739 1407 799 τά
1451 765 1523 799 σε
1568 740 1661 799 καὶ
1704 739 1887 801 πάλαι

288 829 458 888 δοκέω
497 828 680 889 πάντα
721 828 1173 905 ἐκμεμαθηκέναι,
1210 825 1314 888 σέο
1348 852 1412 887 τε
1446 825 1615 887 αὐτοῦ
1647 828 1779 905 πέρι
1816 828 1889 891 ὦς

290 915 544 995 ἐπρήχθη
581 917 674 975 καὶ
708 916 801 975 οἷα
837 915 945 997 ε’γῶ
978 914 1087 975 ύπό
1115 913 1459 994 Ἀστυάγεος
1493 916 1763 986 πέπονθα,
1801 915 1889 976 ὅτι

291 1030 362 1064 σε
387 1003 486 1063 οὔκ
512 1003 803 1064 οἷπέκτεινα
830 1003 983 1063 ἀλλὰ
1011 1002 1184 1063 ἔδωκα
1214 1008 1291 1082 τῷ
1321 1001 1604 1083 βουκόλῳ.
1685 1003 1761 1063 σύ
1791 1008 1890 1065 νῦν

267 1090 358 1167 ·ἢν
386 1091 576 1172 βούλῃ
611 1092 735 1170 ἐμοὶ
769 1092 1081 1174 πείθεσθαι,
1112 1095 1333 1167 τῆσπερ
1370 1089 1691 1173 Ἀστυάγης
1728 1090 1891 1170 ἄρχει

289 1179 472 1257 χώρης
485 1180 688 1257 ταύτης
702 1178 926 1256 ἁπάσης
941 1178 1141 1256 ἄρξεις.
1208 1179 1440 1255 Πέρσας
1454 1179 1567 1261 γὰρ
1583 1178 1891 1243 οἷναπείσας

289 1266 641 1347 ἅπίστασθαι
665 1266 1049 1345 στρατηλάτεε
1079 1266 1173 1325 ἐπὶ
1197 1265 1445 1342 Μήδους·
1478 1267 1571 1326 καὶ
1599 1264 1671 1344 ἥν
1692 1293 1756 1327 τε
1782 1262 1891 1351 ε’γῶ

289 1353 398 1414 ὖπδ
415 1354 757 1434 Ἀστυάγεος
781 1354 1076 1432 οἷποδεχθῶ
1103 1353 1418 1435 στρατηγὸς
1442 1353 1601 1415 οἷντία
1625 1380 1746 1427 σευ,
1769 1358 1892 1418 ἔστι

289 1467 379 1501 τοι
417 1442 490 1501 τοὶ
530 1442 604 1502 σύ
645 1442 900 1519 βούλεαι,
943 1441 1015 1517 ἦν
1052 1468 1115 1501 τε
1154 1445 1265 1501 τοῖν
1304 1467 1389 1504 τις
1429 1442 1668 1519 δοκίμων
1712 1442 1892 1509 ἄλλος

289 1529 520 1605 Μήδων·
562 1534 775 1608 πρῶτοι
812 1529 924 1611 γοῖρ
967 1527 1119 1589 οὗτοι
1160 1528 1507 1593 ἀποστάντες
1548 1529 1644 1589 ἀπ’
1685 1533 1892 1593 ἐκείνου

294 1618 388 1676 καὶ
409 1616 698 1700 γενόμενοι
722 1617 862 1696 πρὸς
886 1618 1004 1689 σέο,
1024 1616 1344 1699 Ἀστυάγεα
1370 1618 1676 1696 καταιρέειν
1701 1621 1893 1698 πειρή-

293 1731 508 1766 σονται·
553 1706 625 1770 ὥς
665 1705 739 1766 ὦν
779 1706 1000 1783 ἑτοίμου
1037 1710 1141 1767 τοῦ
1177 1732 1247 1788 γε
1284 1705 1475 1792 ἐνθάδε
1516 1705 1701 1771 ἐόντος
1738 1710 1894 1770 ποίεε

291 1799 484 1865 ταῦτα,
511 1795 603 1854 καὶ
625 1795 780 1854 ποίεε
805 1793 946 1855 κατοῖ
968 1792 1192 1873 ‘nixos-‚⁹⁹

201 1884 314 1942 125
373 1882 651 1953 Ἀκούσας
680 1887 858 1943 ταῦτα
896 1882 928 1943 ὅ
969 1888 1173 1960 Κῦρος,
1213 1882 1502 1961 ἐφρόντιζε
1541 1882 1675 1963 ὅτεῳ
1706 1884 1894 1965 τρόπῳ

294 1970 604 2052 σοφωτάτῳ
629 1972 862 2049 Πέρσας
883 1969 1175 2031 οἷναπείσει
1190 1970 1561 2032 ἀπίστασθαι·
1588 1974 1896 2049 φροντίζων

294 2060 354 2120 δὲ
381 2060 692 2139 εύρίσκεται
715 2064 892 2120 ταῦτα
919 2059 1253 2137 καιριώτατα
1274 2059 1430 2119 εἶναι·
1460 2060 1640 2119 ε’ποίεε
1665 2059 1893 2121 δὲτάδε·

291 2148 516 2229 γράψας
541 2153 597 2211 ἐς
618 2150 862 2225 βιβλίον
883 2148 954 2207 τοὶ
982 2148 1273 2224 ἐβούλετο,
1300 2147 1467 2223 οἶλίην
1491 2152 1602 2208 τῶν
1626 2150 1896 2226 Περσέων

295 2236 620 2312 ἐποιήσατο·
661 2235 805 2313 μετὰ
834 2236 911 2307 δὲ,
945 2234 1257 2306 ἀναπτύξας
1284 2234 1352 2295 τό
1382 2235 1625 2311 βιβλίον
1657 2238 1749 2295 καὶ
1781 2242 1896 2297 ε’πι-

293 2323 610 2404 λεγόμενος,
649 2325 760 2399 ἔφη
792 2321 1112 2402 Ἀστυάγεά
1146 2347 1245 2398 μιν
1276 2321 1594 2404 στρατηγόν
1629 2326 1897 2401 Περσέων

295 2408 694 2481 ἀποδεικνύναι,
742 2418 778 2444 “
795 2412 892 2470 νῦν
940 2407 1052 2479 τε,”
1100 2411 1211 2485 ἔφη
1262 2409 1459 2490 λέγων,
1505 2418 1543 2444 “
1558 2408 1601 2469 ὦ
1652 2412 1895 2490 Πέρσαι,

296 2496 654 2579 προαγορεύω
673 2496 804 2573 ὑμῖν
822 2499 1080 2573 παρεῖναι
1099 2496 1336 2556 ἕκαστον
1356 2497 1557 2575 ἔχοντα
1575 2497 1899 2575 δρέπανον.”

298 2590 487 2662 Κῦρος
517 2587 622 2663 μὲν
651 2589 827 2644 ταῦτα
856 2583 1262 2665 προηγόρευσε.
1345 2583 1493 2662 (ἔστι
1530 2584 1591 2643 δὲ
1630 2589 1899 2664 Περσέων

300 2672 484 2751 συχνοὶ
521 2673 704 2754 γένεα·
746 2672 840 2732 καὶ
868 2671 941 2733 τιὶ
968 2675 1074 2749 μὲν
1113 2671 1294 2732 αὐτῶν
1325 2671 1357 2732 ὁ
1394 2676 1584 2750 Κῦρος
1623 2675 1900 2738 συνάλισε

299 2761 392 2819 καὶ
418 2760 678 2821 ἀνέπεισε
709 2759 1063 2821 ἀπίστασθαι
1095 2758 1208 2820 οἷπὸ
1241 2758 1470 2837 Μήδων·
1504 2762 1627 2821 ἔστι
1660 2762 1721 2822 δὲ
1748 2763 1897 2838 τάδε,

299 2847 364 2917 ἐξ
394 2845 467 2908 ὧν
500 2845 678 2909 ὧλλοι
708 2848 972 2913 πάντες’
936 2847 1199 2926 αρτέαται
1223 2847 1468 2925 Πέρσαι·
1501 2851 1898 2964 Πασαργάδαι,

299 2934 615 3014 Μαράφιοι,
655 2936 936 2998 Μάσπιοι
1018 2937 1227 2998 τούτων
1268 2937 1647 3043 Πασαργάδαι
1687 2940 1800 2999 εἶσὶ
1840 2968 1901 3000 α-

297 3042 502 3093 ριστοι·
531 3022 589 3077 ἐν
616 3022 771 3078 τοῖσι
802 3019 896 3077 καὶ
916 3017 1302 3097 Ἀχαιμενίδαι
1332 3020 1445 3079 εἶσὶ
1477 3018 1719 3098 φρήτρη,
1746 3020 1903 3081 ἔνθεν

301 3107 356 3164 οἶ
385 3104 659 3181 βασιλέες
691 3132 746 3165 οι
770 3106 1078 3182 Περσεῖδαι
1099 3105 1391 3187 γεγόνασι.
1470 3105 1645 3166 αλλοι
1668 3107 1729 3166 δε
1753 3106 1902 3184 Πέρ-

303 3216 405 3251 σαι
429 3193 542 3253 εἰσὶ
561 3192 692 3253 οἶδε·
762 3194 1157 3264 Πανθιαλαῖοι,
1179 3198 1565 3272 Δηρουσιαῖοι,
1584 3191 1903 3271 Γερμάνιοι·

303 3277 456 3339 οὗτοι
479 3284 583 3357 μὲν
605 3279 808 3344 πάντες
836 3278 1104 3358 ἄροτῆρές
1136 3284 1263 3353 εἰσι,
1291 3285 1345 3342 οἱ
1370 3282 1430 3343 δὲ
1453 3281 1625 3342 ἄλλοι
1648 3279 1901 3357 νομάδες·
