2267 3517
393 111 608 195 12—15]
973 133 1429 183 Mamommm.
1900 138 1998 184 285

393 209 702 285 κοννήσιος,
751 211 954 270 ποιέων
1005 213 1155 282 ἔπεα,
1204 210 1506 272 ἀπικέσθαι
1560 217 1615 276 ἐς
1663 210 2001 289 Ἰσσηδόνας

392 297 834 374 φοιβόλαμπτος
857 297 1173 379 γενόμενος·
1214 298 1555 374 Ἰσσηδόνων
1576 300 1635 358 δὲ
1660 299 1999 376 ὑπεροικέειν

390 381 794 461 Ἀριμασποῦς,
833 383 1034 461 ἄνδρας
1060 387 1555 463 μουνοφθάλμους,
1588 386 1728 464 ὖπέρ
1771 387 1834 446 δὲ
1872 388 1997 448 τού-

390 497 501 531 των
551 471 683 535 τούς
719 472 1167 551 χρυσοφύλακας
1213 472 1453 550 Γρύπας,
1495 473 1702 534 τούτων
1741 474 1817 544 δὲ,
1869 475 1999 539 τούς

391 552 818 638 Ὑπερβορέους,
855 560 1195 636 κατήκοντας
1235 562 1327 620 ἐπὶ
1368 562 1689 622 θάλασσαν.
1771 563 1999 628 τούτους

393 646 469 708 ὦν
483 646 694 711 πάντας
711 648 866 723 πλὴν
879 647 1289 726 Ὑπερβορέων,
1312 648 1595 726 ἀρξάντων
1612 648 1997 727 Ἀριμασπῶν,

393 735 502 793 αἰεὶ
533 739 688 795 τοῖσι
723 736 1181 814 πλησιοχώροισι
1218 738 1584 798 ἐπιτίθεσθαι·
1628 740 1719 797 καὶ
1753 738 1863 798 thro*
1898 743 2002 816 μὲν

393 821 764 898 Ἀριμασπῶν
805 824 1137 893 ἐξωθέεσθαι
1180 829 1240 883 ἐκ
1290 827 1392 900 τῆς
1430 825 1613 904 χώρης
1652 825 2001 902 Ἰσσηδόνας,

394 907 503 969 find
532 910 592 970 δὲ
615 910 958 988 Ἰσσηδόνων
993 912 1228 982 Σκύθας,
1260 913 1603 989 Κιμμερίους
1639 913 1699 972 δὲ
1726 914 2002 978 οἰκέοντας

395 997 487 1055 ἐπὶ
538 1002 610 1076 τῇ
664 1001 821 1078 νοτίῃ
864 999 1139 1078 θαλάσσῃ
1192 999 1303 1061 ὕπὸ
1349 1001 1604 1063 Σκυθέων
1646 1002 2001 1077 πιεζομένους

397 1085 670 1146 ἐκλείπειν
695 1086 801 1162 τήν
825 1086 1030 1166 χώρην.
1116 1085 1258 1146 οὕτω
1290 1085 1417 1147 οῦδὲ
1455 1085 1618 1150 οὗτος
1651 1089 2000 1165 συμφέρεται

395 1174 523 1249 περὶ
550 1177 650 1249 τῆς
675 1174 860 1253 χώρης
883 1173 1086 1251 ταύτης
1122 1174 1392 1254 Σκύθῃσι.
1477 1175 1591 1233 Καὶ
1623 1174 1753 1234 ὅθεν
1776 1178 1879 1252 μὲν
1906 1177 1999 1251 ἔην
2020 1180 2093 1236 14

395 1257 694 1337 Ἀριστέης
735 1261 767 1321 ὁ
807 1266 982 1322 ταῦτα
1033 1261 1294 1339 ποιήσας,
1351 1264 1578 1340 εἴρηται·
1632 1261 1732 1328 τὸν
1770 1264 1831 1323 δὲ
1868 1264 1998 1341 περὶ

397 1345 565 1407 αὐτοῦ
615 1348 818 1424 ἤκουον
870 1349 1046 1431 λόγον
1087 1356 1146 1411 ἐν
1198 1350 1579 1430 Προκοννήσῳ
1620 1351 1713 1410 καὶ
1760 1351 1997 1431 Κυζίκῳ,

395 1435 557 1504 λέξω·
626 1435 922 1513 Ἀριστέην
973 1438 1084 1518 γσῖρ
1139 1440 1391 1520 λέγουσι,
1426 1438 1610 1516 Ιἐόντα
1652 1443 1764 1500 τῶν
1810 1439 2000 1500 ἀστῶν

397 1521 616 1587 οὐδενὸς
638 1525 802 1605 γένος
832 1525 1251 1603 ὑποδεέστερον,
1285 1526 1593 1587 ἐσελθόντα
1632 1533 1687 1590 ἐς
1724 1527 1999 1602 κναφήῖον

396 1616 455 1670 ἐν
495 1612 874 1692 Προκοννήσῳ
917 1611 1239 1674 οἷποθανεῖν·
1309 1615 1401 1672 καὶ
1440 1614 1539 1675 τὸν
1580 1616 1795 1690 κναφέα
1836 1640 1999 1675 κατα·-

395 1700 708 1775 κληΐσαντα
762 1699 830 1761 τὸ
895 1700 1279 1781 ἐργαστήριον,
1343 1702 1602 1780 οἴχεσθαι
1658 1701 1999 1784 ἀγγελέοντα

391 1789 548 1846 τοῖσι
590 1788 948 1865 προσήκουσι
989 1793 1066 1868 τῷ
1103 1794 1294 1869 νεκρῷ·
1337 1789 1749 1867 ἐσκεδασμένου
1790 1790 1849 1848 δὲ
1888 1789 1998 1866 ἤδη

396 1878 497 1934 τοῦ
523 1875 700 1957 λόγου
726 1875 832 1936 οἷνοὶ
858 1875 964 1952 τήν
982 1877 1153 1937 πόλιν
1173 1876 1245 1940 ὦς
1269 1875 1500 1939 τεθνεώς
1528 1878 1610 1954 εἵη
1633 1877 1665 1936 ὅ
1689 1877 1997 1954 Ἀριστέης,

397 1967 454 2025 ἐς
503 1962 909 2040 ἀμφισβασίας
961 1968 1115 2024 τοῖσι
1175 1966 1413 2047 λέγουσι
1465 1964 1767 2024 ἀπικέσθαι
1825 1964 2000 2042 ἄνδρα

398 2049 707 2126 Κυζικηνὸν
745 2050 952 2126 ἥκοντα
995 2053 1056 2122 ἐξ
1086 2052 1362 2130 Ἀρτάκης
1396 2051 1611 2122 πόλιος,
1644 2052 1831 2127 φάντα
1868 2077 1997 2110 συν-

398 2141 588 2215 τυχεῖν
614 2137 679 2197 τέ
713 2141 766 2196 οἱ
801 2138 938 2198 ἰόντι
975 2139 1066 2198 ἐπὶ
1097 2141 1341 2211 Κυζίκου
1378 2139 1470 2200 καὶ
1498 2145 1553 2204 ἐς
1578 2140 1782 2221 λόγους
1807 2139 1994 2198 ἀπικέ-

396 2226 553 2284 σθαι·
622 2225 716 2283 καὶ
765 2229 964 2285 τοῦτον
1002 2229 1106 2304 μὲν
1147 2228 1509 2305 ἐντεταμένως
1561 2225 1995 2303 οἷμφισβητέειν·

394 2311 524 2375 τούς
574 2313 634 2372 δὲ
683 2313 1073 2390 προσήκοντας
1123 2320 1201 2394 τῷ
1246 2320 1417 2395 νεκρῷ
1462 2315 1554 2374 ἐπὶ
1594 2314 1662 2375 τό
1712 2313 1984 2390 κνᾳφήῖον

395 2404 648 2477 παρεῖναι
683 2402 911 2481 ἔχοντας
939 2401 1012 2462 ταῖ
1048 2404 1374 2481 πρόσφορα,
1406 2402 1476 2467 ὥς
1508 2401 1995 2481 ἀναιρησομένους·

395 2488 750 2569 ἀνοιχθέντος
791 2490 850 2553 δὲ
889 2495 990 2551 τοῦ
1031 2482 1349 2567 οίκήματος,
1393 2490 1519 2551 οὔτε
1557 2491 1829 2552 τεθνεῶτα
1872 2489 1999 2550 οὔτε

395 2577 570 2648 ζῶντα
611 2578 916 2654 φαίνεσθαι
955 2579 1271 2656 Ἀριστέην·
1323 2579 1465 2656 μετσῖ
1505 2579 1581 2649 δὲ,
1625 2579 1847 2658 ἑβδόμῳ
1886 2579 1993 2638 ἔτεϊ

394 2666 641 2741 φανέντα
658 2665 827 2726 αὗτὸν
844 2671 899 2730 ἐς
915 2667 1319 2744 Προκόννησον
1338 2671 1575 2741 ποιῆσαι
1588 2666 1661 2726 τὰ
1679 2668 1811 2725 ἔπεα
1825 2669 1998 2726 ταῦτα

392 2753 464 2812 τσῖ
502 2757 600 2813 νῦν
629 2753 724 2813 ὕπ’
760 2753 1053 2830 Ἑλλήνων
1090 2754 1450 2832 Ἀριμάσπεα
1494 2755 1770 2814 καλέεται·
1838 2753 1997 2829 ποιή-

393 2867 574 2901 σαντα
606 2842 666 2901 δὲ
706 2841 1090 2918 α’φανισθῆναι
1124 2841 1191 2902 τό
1227 2840 1500 2919 δεύτερον.
1580 2846 1757 2902 ταῦτα
1796 2845 1900 2919 μὲν
1940 2844 1999 2900 αἱ

393 2927 586 2990 πόλιες
613 2926 777 2988 αὗται
803 2930 1058 3010 λέγουσι.
1113 2927 1259 2988 Τάδε
1284 2928 1345 2987 δὲ
1372 2929 1498 2988 οἶδα
1524 2929 1998 2988 Μεταποντίνοισι
2018 2929 2091 2987 15

392 3017 546 3073 τοῖσι
583 3020 640 3074 ἐν
669 3014 884 3094 Ἰταλίῃ
919 3015 1355 3096 συγκυρήσαντα
1395 3017 1540 3090 μετοὶ
1578 3042 1683 3091 την
1726 3013 1999 3089 ἀφάνισιν

393 3126 498 3175 την
515 3101 784 3209 δευτέρην
807 3102 1143 3180 Ἀριστέω”
1114 3129 1265 3164 ετεσι
1289 3103 1707 3182 τεσσεράκοντα
1733 3102 1824 3159 καὶ
1849 3125 1999 3177 τριη·

396 3189 659 3257 κοσίοισι,
705 3189 775 3252 ὦς
824 3190 931 3270 ἔγω
977 3187 1457 3266 συμβαλλόμενος
1504 3195 1563 3249 ἐν
1619 3187 1999 3266 Προκοννήσῳ

394 3300 456 3335 τε
503 3301 604 3334 και
646 3277 1015 3355 Μεταποντίῳ
1063 3277 1336 3353 εὕρισκον·
1392 3275 1807 3334 Μεταποντῖνοί
1850 3280 1992 3343 φασ
