2267 3517
311 143 410 189 242
919 140 1288 191 ‘HPOAowr
1774 139 1911 203 [111.

311 219 542 298 δεύτερα
587 219 664 291 δὲ,
703 219 911 281 τούτων
948 224 1060 281 τῶν
1098 219 1131 280 ὀ
1170 218 1489 298 μούναρχος
1516 219 1694 279 ποιέει
1736 219 1913 282 οὐδέν·

312 307 478 388 πάλῳ
519 310 623 385 μὲν
667 307 845 386 σῖρχοὶς
891 305 1070 386 ἄρχει,
1112 306 1419 366 ιῖπεύθυνον
1460 307 1519 366 δὲ
1560 305 1745 385 οἷρχὴν
1782 308 1913 385 ἔχει,

311 395 676 472 βουλεύματα
701 396 761 453 δὲ
786 395 970 455 πάντα
1007 399 1062 457 ἐς
1087 395 1155 454 τό
1195 393 1379 454 κοινόν
1404 393 1690 470 ἀναφέρει.
1769 397 1915 455 τίθε-

311 508 416 559 μαι
469 482 544 543 ὦν
598 483 841 563 γνώμην,
893 484 1158 559 μετέντας
1218 480 1395 557 ἤμέας
1451 482 1797 560 μουναρχίην
1845 483 1915 544 τό

314 571 534 646 πλῆθος
575 570 772 640 ἀέξειν·
827 576 887 630 ἐν
925 570 1036 651 γὰρ
1076 573 1155 648 τῷ
1196 572 1397 648 πολλῷ
1445 572 1523 629 ἔνι
1562 569 1635 628 τὰ
1680 569 1915 630 ‘edm-a?

218 660 291 719 81
313 656 550 735 Ὀτάνης
573 661 678 735 μὲν
709 658 776 733 δή
811 657 1018 733 ταύτην
1045 657 1153 733 τήν
1191 656 1419 738 γνώμην
1459 657 1715 734 ἐσέφερε.
1796 664 1914 737 Me:-

311 744 563 827 γάβυζος
613 746 674 805 δὲ
725 745 1028 826 ὀλιγαρχίῃ
1081 746 1303 805 ἐκέλευε
1343 745 1681 823 ἐπιτράπειν,
1734 748 1916 826 λέγων

315 833 467 893 τάδε·
517 840 554 870 “
567 833 638 902 τοὶ
676 835 782 910 μὲν
818 832 1057 909 Ὀτάνης
1097 833 1218 892 εἶπε
1254 833 1551 910 τυραννίδα
1588 832 1793 903 παύων,
1821 837 1915 894 λε·

313 922 502 1000 λέχθω
556 921 724 998 κάμοὶ
773 924 970 981 ταῦτα·
1035 920 1110 980 ταῖ
1156 919 1203 980 δ’
1244 925 1301 984 ἐς
1342 920 1409 982 τό
1462 921 1685 996 πλῆθος
1737 920 1915 1003 ἄνωγε
1980 987 1995 992 ,

316 1011 508 1087 φέρειν
551 1009 618 1070 τό
673 1009 889 1086 κράτος,
928 1007 1153 1089 γνώμης
1190 1012 1291 1084 τῆς
1333 1008 1568 1084 ἀρίστης
1608 1006 1909 1086 ημάρτηκε.

312 1096 516 1174 ομίλου
545 1097 654 1178 γοῖρ
696 1097 932 1178 οἷχρηιου
975 1095 1132 1156 οὐδέν
1174 1101 1297 1156 ἐστι
1338 1095 1757 1173 ἀξυνετώτερον,
1786 1097 1915 1156 ουδὲ

309 1184 736 1263 υβριστότερον·
819 1184 919 1244 καί
949 1209 1039 1244 τοι
1076 1184 1345 1262 τυράννου
1390 1182 1558 1261 ὕβριν
1604 1183 1915 1265 φεύγοντας

313 1272 514 1351 ἄνδρας
566 1279 620 1337 ἐς
671 1272 850 1350 δήμου
902 1271 1229 1333 ακολάστου
1290 1271 1459 1349 ὕβριν
1510 1273 1735 1332 πεσέειν
1786 1274 1912 1333 ἐστὶ

287 1358 564 1438 ὀὐδαμῶς
603 1359 936 1440 α’νασχετόν·
985 1359 1018 1421 ὀ
1057 1363 1162 1438 μὲν
1199 1361 1310 1442 γσῖρ
1352 1362 1402 1419 εἴ
1438 1385 1495 1420 τι
1533 1361 1725 1429 ποιέει,
1752 1361 1913 1442 γινώ-

311 1473 463 1508 σκων
500 1450 694 1508 ποιέει·
752 1452 830 1526 τῷ
868 1448 928 1508 δὲ
969 1448 1034 1508 οὗ
1071 1449 1366 1530 γινώσκειν
1406 1449 1503 1508 ἔνι·
1546 1452 1652 1511 κῶς
1690 1447 1802 1529 γοὶρ
1844 1446 1913 1509 ἂν

309 1536 593 1616 γινώσκοι,
637 1535 698 1599 ὃς
738 1534 851 1595 οὔτ’
893 1535 1157 1615 ἐδιδάχθη
1198 1535 1323 1596 οὔτε
1363 1535 1479 1596 οἶδε
1519 1535 1694 1596 καλὸν
1733 1536 1909 1607 οὐδὲν,

312 1623 425 1682 οὐδ’
457 1622 704 1698 οἰκήϊον;
745 1623 903 1683 ώθέει
936 1649 1000 1683 τε
1037 1623 1297 1700 ἐμπεσών
1333 1623 1407 1684 τοὶ
1440 1623 1747 1705 πρήγματα
1782 1624 1913 1684 ἄνευ

312 1711 459 1782 νόου,
499 1709 781 1790 χειμάρρῳ
820 1715 1054 1790 ποταμῷ
1092 1713 1296 1776 ἴκελος.
1380 1711 1536 1790 δήμῳ
1574 1713 1679 1789 μέν
1719 1738 1831 1782 νυν,
1860 1713 1915 1772 οἳ

316 1799 582 1878 Πέρσῃσι
623 1799 793 1860 κακόν
834 1801 1072 1870 νοέουσι,
1115 1797 1272 1860 οὗτοι
1310 1799 1597 1878 χράσθων·
1652 1799 1814 1877 ἡμεῖς
1849 1800 1909 1861 δὲ

311 1886 522 1964 ἀνδρῶν
559 1891 670 1948 τῶν
709 1887 953 1964 οἷρίστων
993 1888 1347 1957 ἐπιλέξαντες
1385 1887 1629 1964 ὁμιλίην,
1660 1887 1914 1948 τούτοισι

311 1976 649 2053 περιθέωμεν
671 1974 738 2036 τὰ
769 1975 987 2053 κράτος·
1031 1981 1090 2036 ἐν
1119 1975 1229 2056 γοῖρ
1257 1973 1327 2050 δή
1354 1975 1608 2035 τούτοισι
1633 1974 1725 2034 καὶ
1753 1975 1911 2037 αὐτοὶ

313 2063 638 2142 ἐνεσόμεθα·
673 2062 916 2140 ἀρίστων
941 2064 1001 2122 δὲ
1028 2063 1239 2140 ανδρῶν
1267 2062 1415 2126 οἶκός
1440 2089 1648 2171 αριστα
1671 2063 1911 2140 βουλεύ-

307 2177 460 2226 ματα
486 2153 756 2234 γίνεσθαι.
760 2151 794 2171 ”
861 2150 1207 2233 Μεγάβυζος
1229 2154 1333 2228 μὲν
1361 2150 1429 2226 δη
1454 2150 1661 2226 ταύτην
1684 2151 1911 2231 γνώμην

216 2241 292 2299 82
310 2241 563 2317 ἐσέφερει
644 2240 843 2315 Τρίτος
889 2239 973 2298 δὲ
996 2242 1235 2315 Δαρεῖος
1273 2233 1629 2298 άπεὸεικνυτο
1667 2237 1908 2319 γνώμην,

309 2329 508 2408 λέγων·
576 2328 746 2403 “ἐμοὶ
791 2328 851 2386 δὲ
896 2326 967 2387 τοὶ
1012 2352 1117 2403 μεν
1165 2327 1285 2386 εἶπε
1338 2325 1681 2406 Μεγάβυζος
1736 2331 1793 2389 ἐς
1840 2327 1908 2386 τό

308 2416 530 2489 πλῆθος
567 2416 765 2492 ἔχοντα
806 2415 983 2473 δοκέει
1020 2413 1199 2490 ὀρθῶς
1224 2413 1401 2483 λέξαι,
1428 2413 1501 2472 τοὶ
1527 2413 1573 2472 δ’
1602 2419 1657 2477 ἐς
1684 2413 1909 2495 ὀλιγαρ-

309 2504 440 2582 χίην
465 2501 564 2561 οὔκ
590 2501 785 2577 ὀρθῶς·
827 2506 992 2578 τριῶν
1015 2501 1126 2581 γοῖρ
1153 2502 1541 2579 προκειμένων,
1572 2502 1664 2560 καὶ
1690 2501 1911 2561 πάντων

310 2596 420 2651 τῶν
459 2590 608 2671 λέγω
659 2588 903 2665 οἷρίστων
954 2589 1154 2650 ἐόντων
1193 2589 1398 2672 (δήμου
1438 2615 1501 2649 τε
1540 2589 1775 2666 οἷρίστου
1816 2590 1909 2649 καὶ

306 2677 636 2758 ὀλιγαρχίης
685 2677 778 2735 καὶ
815 2677 1160 2758 μουνάρχου)
1198 2682 1401 2757 πολλῶ
1438 2681 1607 2738 τοῦτο
1647 2679 1910 2756 προέχειν

306 2767 474 2846 λέγω.
557 2764 758 2842 ἀνδρὸς
791 2765 902 2846 γοῖρ
938 2764 1055 2828 ἐνός
1080 2769 1183 2826 τοῦ
1220 2764 1455 2842 οἷρίστου
1492 2765 1718 2825 otmar*
1682 2790 1910 2841 αμεινον

304 2879 374 2912 αν
415 2853 636 2929 φανειη·
676 2853 870 2932 γνώμῃ
909 2853 1018 2933 γὰρ
1057 2878 1289 2931 τοιαυτῃ
1326 2851 1655 2932 χρεώμενος,
1692 2857 1911 2929 ἐπιτρο-

306 2941 466 3000 πεύοι
511 2940 580 3000 ἂν
631 2940 940 3017 ἀμωμήτως
990 2945 1092 3000 τοῦ
1145 2941 1411 3015 πλήθεος·
1479 2938 1690 3018 σιγῶτό
1735 2966 1798 2999 τε
1838 2965 1909 3000 αν

302 3030 670 3107 βουλευματα
722 3029 812 3086 ἐπὶ
853 3029 1158 3103 δυσμενέας
1205 3027 1405 3104 ἄνδρας
1445 3025 1590 3086 οὕτω
1629 3027 1907 3102 μάλιστα.

304 3121 364 3177 ἐν
399 3118 459 3177 δὲ
495 3117 813 3198 ὀλιγαρχίῃ,
839 3118 1116 3174 πολλοῖσι
1150 3113 1350 3191 οἷρετήν
1386 3115 1731 3173 ἐπασκέουσι
1759 3119 1815 3177 ἐς
1838 3113 1907 3174 τὸ

303 3205 505 3277 κοινὰν,
535 3206 701 3284 ἔχθεα
740 3204 852 3262 ἴδια
891 3201 1096 3282 ἰσχυρά
1140 3203 1329 3278 φιλέει
1354 3202 1698 3282 ἐγγίνεσθαι·
1740 3200 1910 3264 αὖτὸς

298 3291 410 3367 ’νοῖρ
458 3293 693 3356 ἕκαστος
729 3289 1083 3369 βουλόμενος
1122 3293 1428 3368 κορυφαῖος
1470 3289 1608 3348 εἶναι
1646 3287 1912 3367 γνώμῃσί
