2267 3517
326 151 422 197 322
931 141 1296 205 ἫΡοΔοϊρτ
1783 143 1805 208 [
1821 145 1926 196 lv,

320 231 546 288 ποιεῦσι
569 225 721 287 τάδε·
752 223 1055 301 ἀποταμών
1082 224 1321 287 ἕκαστος
1345 223 1618 299 κεφαλὴν,
1648 223 1928 302 ἀποφέρε-

320 341 414 376 ται
441 320 496 380 ἐς
518 315 592 374 w}
618 314 782 374 οἰκία·
816 314 1007 372 ἔπειτα
1032 313 1125 372 ἐπὶ
1151 312 1323 382 ξύλου
1348 310 1602 392 μεγάλου
1627 311 1928 392 ἀναπείρας

324 407 457 482 ἱστᾷ
486 403 627 479 ὑπὲρ
651 405 752 476 τῆς
787 401 961 476 οἰκίης
986 399 1374 478 ὑπερέχουσαν
1397 398 1639 470 πολλὸν,
1665 399 1927 477 μάλιστα

321 492 381 550 δὲ
406 489 543 566 ὑπὲρ
569 493 670 565 τῆς
697 489 1057 564 καπνοδόκης·
1100 489 1250 565 φασὶ
1278 488 1338 548 δὲ
1369 486 1598 550 τούτους
1633 489 1927 565 φυλάκους

319 583 420 654 τῆς
470 579 645 654 οἰκίης
696 577 887 653 πάσης
936 576 1428 654 ὑπεραιωρέεσθαι.
1509 575 1652 646 ζῶσι
1698 577 1758 636 δὲ
1803 577 1923 639 α’πό

226 669 341 728 104
362 665 525 741 ληίης
562 690 624 725 τε
665 666 758 724 καὶ
788 666 1059 740 πολέμου.
1127 663 1477 744 Ἀγάθυρσοι
1511 664 1571 723 δὲ
1611 662 1923 742 ἁβρότατοι

318 752 510 831 ἄνδρες
547 753 673 825 εἰσὶ,
704 754 796 812 καὶ
833 751 1190 831 χρυσοφόροι
1219 752 1292 812 τὰ
1326 752 1600 828 μάλιστα·
1643 755 1923 816 ἐπίκοινον

320 841 380 900 δὲ
404 846 513 902 τῶν
537 846 811 923 γυναικῶν
834 841 939 916 τήν
962 841 1115 918 μίξιν
1139 845 1439 911 ποιεῦνται,
1471 841 1558 900 ἵνα
1590 843 1925 922 κασίγνητοί

318 956 381 990 τε
422 929 689 1006 ἀλλήλων
733 931 881 1000 ἔωσι,
923 929 1015 988 καὶ
1055 928 1258 1003 οἰκήϊοι
1298 927 1478 992 ἐόντες
1516 927 1734 998 πάντες,
1774 931 1919 1006 μ’ήτε

320 1017 509 1098 φθόνῳ
534 1017 662 1095 μήτ’
692 1018 843 1096 ἔχθεϊ
866 1017 1138 1098 χρέωνται
1164 1020 1219 1079 ἐς
1243 1015 1550 1092 ἀλλήλους·
1589 1016 1664 1076 τὰ
1689 1015 1736 1075 δ’
1775 1016 1799 1039 ”
1879 1046 1918 1077 α

229 1108 340 1165 105
360 1105 563 1184 νόμαια
583 1105 780 1183 Θρήῖξι
799 1103 1326 1183 προσκεχωρήκασι.
1381 1105 1591 1181 Νευροὶ
1608 1105 1670 1163 δὲ
1691 1105 1918 1182 νόμοισι

319 1196 423 1270 μὲν
460 1197 728 1273 χρέωνται
770 1193 1114 1257 Σκυθικοῖσι.
1196 1195 1362 1272 γενεῇ
1401 1192 1461 1250 δὲ
1499 1196 1602 1272 μιῇ
1641 1193 1918 1270 πρότερόν

318 1288 501 1359 σφεας
525 1288 625 1358 τῆς
652 1283 893 1358 Δαρείου
912 1280 1338 1357 στρατηλασίης
1357 1279 1642 1356 κατέλαβε
1668 1284 1918 1342 ἐκλιπεῖν

317 1370 417 1446 τήν
441 1369 628 1448 χώρην
645 1373 839 1428 πᾶσαν
856 1368 967 1428 ὖπό
988 1368 1185 1444 ὀφίων·
1213 1366 1381 1442 ὄφιας
1398 1365 1509 1446 γάρ
1530 1373 1644 1442 σφι
1663 1369 1916 1434 πολλοῦς

316 1461 420 1534 μὲν
458 1457 496 1532 ἦ
536 1458 691 1536 χώρη
724 1456 1005 1533 ἀνέφαινε,
1032 1459 1086 1515 οἱ
1118 1456 1178 1516 δὲ
1209 1459 1444 1534 πλεῦνες
1475 1453 1682 1515 ἄνωθέν
1705 1462 1820 1532 σφι
1853 1461 1915 1516 ἐκ

314 1547 424 1603 τῶν
451 1545 665 1620 ἐρήμων
690 1543 981 1614 ἐπέπεσον,
1003 1548 1069 1606 ἐς·
1084 1542 1132 1613 ὃ,
1153 1542 1486 1619 πιεζόμενοι,
1509 1543 1746 1618 οἴκησαν
1771 1544 1914 1620 μετσὶ

316 1631 607 1710 Βουδίνων,
639 1629 743 1705 τὴν
774 1633 985 1690 ἑωυτῶν
1019 1629 1359 1692 ἐκλιπόντες.
1443 1623 1819 1690 κινδυνεύουσι
1853 1633 1914 1692 δὲ

314 1721 368 1778 οἱ
407 1717 687 1794 &wopam-01,
727 1714 881 1777 οὗτοι
917 1716 1115 1798 γόητες
1157 1717 1315 1777 εἰναι·
1357 1717 1619 1797 λέγονται
1657 1717 1766 1798 γὰρ
1799 1719 1910 1781 akr&
1943 1727 1948 1735 '

317 1807 571 1870 Σκυθέων
608 1805 698 1864 καὶ
736 1805 1028 1882 Ἑλλήνων
1052 1809 1163 1866 τῶν
1190 1810 1248 1865 ἐν
1272 1809 1345 1884 τῇ
1378 1805 1625 1884 Σκυθικῇ
1659 1819 1908 1884 κατοικηὲ

311 1897 502 1971 μένων,
532 1895 601 1959 ῶς
627 1897 774 1960 ἔτεος
805 1893 1043 1954 ἑκάστου
1074 1893 1228 1964 ἅπαξ
1255 1898 1366 1953 τῶν
1405 1897 1636 1970 Νευρῶν
1676 1895 1910 1960 ἕκαστος

312 1986 480 2051 λύκος
523 1986 736 2066 γίνεται
784 1983 994 2061 ημέρας
1034 1982 1248 2062 ὀλίγας,
1292 1982 1384 2040 καὶ
1424 2007 1577 2044 αυτις
1618 1981 1800 2042 ὀπίσω
1855 1989 1909 2047 ἐς

309 2066 483 2132 ταυτοὶ
524 2073 871 2134 κατίσταται·
914 2074 1011 2148 ἐμὲ
1050 2072 1156 2147 μέν
1195 2096 1291 2130 νυν
1329 2073 1504 2129 ταῦτα
1544 2071 1803 2151 λέγοντες
1843 2099 1906 2131 ου

310 2155 588 2238 πείθουσι·
630 2160 865 2241 λέγουσι
901 2160 960 2217 δὲ
997 2155 1218 2218 ουδὲν’
1183 2183 1388 2233 ησσον,
1419 2157 1512 2216 καὶ
1548 2157 1817 2234 ὀμνύουσι
1848 2160 1907 2219 δὲ

218 2249 330 2306 106
350 2233 630 2327 λέγοντες.
706 2245 1087 2325 Ἀνδροφάγοι
1128 2245 1188 2304 δὲ
1229 2244 1544 2325 ἀγριώτατα
1568 2245 1789 2305 πάντων
1815 2247 1906 2306 οἷν-

309 2334 539 2411 θρῶπων
586 2336 780 2412 ἔχουσι
826 2333 984 2408 ἤθεα·
1044 2332 1171 2393 οὔτε
1218 2334 1373 2408 δίκην
1421 2335 1735 2409 νομίζοντες
1781 2334 1905 2394 οὔτε

306 2421 455 2500 νόμῳ
488 2421 668 2480 οὐδενὶ
703 2421 1026 2500 χρεώμενοι·
1067 2421 1302 2497 νομάδες
1336 2421 1399 2480 δέ
1425 2425 1555 2480 εἰσι·
1599 2421 1815 2498 ἐσθῆτα
1846 2418 1928 2483 δὲ’

310 2510 585 2587 φορέουσι
636 2513 708 2588 τῇ
756 2509 1002 2587 Σκυθικῇ
1044 2508 1260 2585 ὁμοίην,
1308 2512 1584 2589 γλῶσσαν
1631 2509 1689 2568 δὲ
1744 2510 1903 2586 ἰδίην·

211 2597 325 2656 107
344 2596 887 2677 οἷνθρωποφαγέουσι
907 2596 966 2654 δὲ
984 2599 1182 2673 μοῦνοι
1199 2595 1420 2655 τούτων.
1473 2595 1904 2677 Μελάγχλαινοι

306 2684 379 2742 δὲ’
401 2684 601 2760 εἵματα
636 2687 740 2761 μὲν
774 2684 993 2760 μέλανα
1028 2685 1302 2760 φορέουσι
1338 2682 1557 2754 πάντες,
1587 2683 1672 2742 ἐπ’
1709 2682 1784 2745 ὧν
1811 2685 1904 2745 καὶ

300 2770 401 2834 τοὶς
426 2771 733 2849 ἐπωνυμίας
760 2773 972 2852 ἔχουσι·
1012 2771 1238 2847 νόμοισι
1263 2772 1323 2830 δὲ
1350 2772 1678 2834 Σκυθικοῖσι
1703 2774 1904 2851 χρέων·-

209 2862 322 2918 108
341 2885 451 2918 ται.
534 2860 791 2920 Βουδῖνοι
847 2860 920 2929 δὲ,
968 2859 1123 2922 ἔθνος
1176 2859 1267 2920 ἐὰν
1318 2859 1466 2938 μέγα
1519 2860 1612 2918 καὶ
1662 2860 1900 2932 πολλόν,

300 2946 549 3026 γλαυκόν
574 2972 637 3006 τε
662 2951 776 3007 πᾶν
803 2951 1045 3026 ἰσχυρῶς
1070 2947 1194 3006 ἐστὶ
1223 2947 1313 3005 καὶ
1339 2947 1568 3022 πυρρόν.
1649 2947 1818 3010 πόλις
1843 2948 1902 3006 δὲ

301 3039 359 3092 ἐν
399 3033 619 3094 αὐτοῖσι
659 3035 1003 3094 πεπόλισται
1044 3035 1254 3109 ξυλίνη,
1299 3033 1508 3108 οὕνομα
1549 3034 1608 3092 δὲ
1647 3039 1722 3111 τῇ
1763 3035 1902 3094 πόλι

302 3121 425 3179 ἐστὶ
466 3121 735 3184 Γελωνός·
775 3125 876 3181 τοῦ
912 3121 971 3179 δὲ
996 3122 1208 3199 τείχεος
1234 3121 1494 3201 μέγαθος,
1525 3125 1707 3180 κῶλον
1735 3122 1901 3180 ἕκασ-

297 3207 396 3264 τον
441 3208 738 3284 τριήκοντα
784 3207 1025 3268 σταδίων
1066 3208 1210 3266 ἐστί·
1266 3206 1488 3286 ὖψηλόν
1533 3207 1608 3278 δὲ,
1651 3209 1745 3266 καὶ
1786 3211 1900 3268 πᾶν

300 3290 540 3356 ξύλινον·
581 3295 674 3354 καὶ
700 3297 879 3355 οἰκίαι·
902 3293 1079 3354 αὐτῶν
1118 3293 1354 3362 ξύλιναι,
1382 3294 1474 3352 καὶ
1510 3293 1583 3353 τὰ
1622 3294 1733 3373 ἱρά·
1775 3295 1894 3354 ἔστι
