2267 3517
47 2650 55 2747 ,ἱ

47 2760 56 2827 ’,ι

56 2902 59 2947 ἓ

300 103 399 152 306
918 103 1289 154 ἮΡοΔοτοϊ
1454 165 1460 170 ⁸
1769 97 1896 170 [ιν.

292 177 677 257 μαντεύονται·
704 181 798 239 καὶ
822 180 1062 261 λέγουσι
1088 177 1243 239 οὗτοι
1269 177 1342 242 ὥς
1366 177 1435 240 τὸ
1458 177 1662 260 ἐπίπαν
1685 177 1898 254 μάλισ-

296 291 371 326 τα
399 265 549 336 τάδε,
578 265 649 330 ὥς
677 266 777 330 τάς
810 268 1123 344 βασιληίας
1161 265 1342 328 ἱστίας
1377 263 1671 340 ἐπιόρκηκε
1708 264 1770 328 ὃς
1805 265 1899 324 καὶ

297 352 375 423 ὃς,
403 354 664 434 λέγοντες
702 358 812 413 τῶν
851 355 1037 414 ἀστῶν
1067 353 1197 414 ,τᾶν
1219 351 1287 417 ,ἂν
1327 352 1395 428 δή
1431 352 1663 433 λέγωσι·
1705 352 1806 416 τοῖς
1835 353 1900 413 δὲ

294 441 607 517 βασιληίας
644 442 827 504 ἱστίας
862 441 1041 518 νόμος
1073 441 1327 520 Σκύθῃσι
1364 438 1436 499 τά
1477 439 1736 516 μάλιστά.
1773 445 1899 502 ἐστι

296 527 526 603 ὀμνύναι
569 527 715 600 τότε,
758 528 927 589 ἐπεάν
978 529 1079 590 τὸν
1112 530 1398 609 μέγιστον
1443 527 1611 604 ὅρκον
1657 528 1900 588 ἐθέλωσι

298 614 547 691 ὀμνύναι·
588 616 787 677 αὐτίκα
818 618 878 676 δὲ
908 616 1353 694 διαλελαμμένος
1383 613 1580 696 ἄγεται
1611 611 1774 679 οὗτος
1795 615 1898 677 τόν

298 702 366 763 ἂν
401 703 469 780 δὴ
502 709 657 780 φῶσι
695 710 1043 782 ἐπιορκῆσαι·
1087 705 1398 784 ἀπιγμένον,
1427 703 1488 762 δὲ
1513 702 1814 784 ἐλέγχουσι
1841 707 1898 764 οἱ

295 791 533 867 μάντιες,
562 791 643 857 ὦς.
670 793 1008 870 ἐπιορκήσας
1044 794 1302 868 φαίνεται
1337 796 1398 850 ἐν
1429 795 1503 868 τῇ
1533 795 1771 870 μαντικῇ
1795 791 1898 856 τοῖς

295 881 609 956 βασιληίας
648 881 845 951 ἱστίας,
874 882 967 939 καὶ
998 879 1089 940 Sui
1113 883 1290 940 ταῦτα
1317 877 1511 958 ἀλγέει
1537 877 1570 938 ὁ
1595 879 1895 956 βασιλεύς·
1957 892 1964 897 “

295 966 329 1026 ὁ
371 968 431 1028 δὲ
470 967 738 1046 ἀρνέεται,
782 967 847 1029 ού
896 968 1145 1045 φάμενος
1191 971 1542 1043 ἐπιορκῆσαι,
1591 967 1683 1026 καὶ
1728 967 1897 1028 δεινο-

218 1115 221 1120 .
296 1058 573 1137 λογέεται·
615 1057 949 1134 ἀρνεομένου
988 1057 1048 1115 δὲ
1085 1055 1303 1125 τούτου,
1340 1054 1373 1114 ὅ
1409 1055 1692 1132 βασιλεῦς
1728 1081 1895 1132 μετα-

296 1145 574 1221 πέμπεται
608 1143 871 1227 [ἄλλους]
906 1144 1237 1220 διπλησίους
1265 1141 1517 1220 μάντιας·
1559 1143 1654 1202 καὶ
1683 1140 1766 1218 ἢν·
1790 1145 1896 1219 μέν

294 1257 393 1308 μιν
424 1234 518 1292 καὶ
550 1231 719 1302 οὗτοι,
748 1233 1077 1310 ἐσορέωντες
1108 1236 1165 1294 ἐς
1198 1230 1302 1306 τήν
1337 1229 1624 1306 μαντικὴν,
1660 1231 1894 1307 καταδή-

296 1345 447 1380 σωσι
488 1325 839 1397 ἐπιορκῆσαι,
876 1324 979 1380 τοῦ
1020 1320 1081 1379 δὲ
1120 1320 1276 1382 ἰθέως
1312 1317 1420 1394 τήν
1459 1317 1719 1394 κεφαλὴν
1755 1318 1891 1379 ἀπο-

295 1407 571 1484 τάμνουσι
611 1409 705 1466 καὶ
741 1407 815 1468 τοὶ
852 1407 1117 1486 χρήματα
1157 1405 1326 1466 αὐτοῦ
1361 1405 1806 1485 διαλαγχάνουσι
1837 1410 1894 1468 οἱ

296 1499 507 1570 πρῶτοι
542 1498 654 1555 τῶν
692 1495 953 1570 μαντίων·
999 1492 1070 1570 ἢν
1108 1493 1170 1553 δὲ
1209 1497 1263 1553 οἱ
1305 1492 1635 1569 ἐπελθόντες
1671 1494 1894 1570 μάντιες

294 1580 645 1662 ἀπολύσωσι,
673 1580 845 1641 ἄλλοι
874 1581 1103 1658 πάρεισι
1132 1578 1372 1663 μάντιες,
1399 1581 1492 1640 καὶ
1515 1581 1676 1658 μάλα
1701 1581 1896 1644 ἄλλοι·

292 1666 362 1743 ἢν
390 1668 464 1728 ὦν
490 1673 544 1729 οἱ
568 1673 803 1732 πλεῦνες
824 1668 924 1730 τόν
950 1667 1242 1746 ἄνθρωπον
1267 1668 1618 1740 ἀπολύσωσι,
1639 1669 1892 1730 δέδοκται
1963 1727 1971 1734 .

292 1760 444 1817 τοῖσι
484 1756 759 1834 πρώτοισι
800 1760 912 1818 τῶν
956 1757 1200 1834 μαντίων
1236 1755 1463 1817 αὖτοῖσι
1507 1755 1890 1826 ἀπόλλυσθαι.

202 1845 275 1903 69
294 1843 618 1907 Ἀπολλῦσι
645 1845 787 1921 δῆτα
813 1843 1011 1909 αὐτούς
1035 1844 1223 1924 τρόπῳ
1246 1844 1457 1922 τοιῷδε·
1486 1844 1655 1904 ἐπεοὶν
1675 1843 1894 1921 ἄμαξαν

294 1933 588 2016 φρυγάνων
626 1933 916 2010 πλήσωσι,
952 1933 1045 1992 καὶ
1081 1931 1426 2004 ύποζεύξωσι
1458 1931 1626 2006 βοῦς,
1668 1935 1891 2009 ἐμποδί-

292 2046 493 2086 σαντες
522 2022 653 2087 τοῦς
686 2023 934 2100 μάντιας,
964 2022 1056 2080 καὶ
1080 2021 1251 2100 χέρας
1275 2019 1458 2080 ὀπίσω
1485 2019 1770 2094 δήσαντες,
1798 2024 1892 2082 καὶ

291 2110 702 2187 στομώσαντες,
720 2114 1075 2190 κατειργνῦσι
1095 2113 1151 2172 ἐς
1175 2108 1327 2185 μέσα
1350 2107 1424 2168 τοὶ
1449 2106 1728 2189 φρύγανα·
1755 2109 1890 2170 ὑπο-

292 2197 607 2273 πρήσαντες
636 2198 698 2257 δὲ
732 2197 889 2267 αὐτοὶ,
917 2197 1136 2258 ἀπιεῖσι
1171 2194 1538 2272 φοβήσαντες
1570 2195 1702 2260 τούς
1725 2199 1887 2274 βοῦς·
1911 2263 1917 2268 ,

289 2286 502 2345 πολλοὶ
530 2287 635 2362 μὲν
660 2284 729 2360 δή
765 2285 1271 2365 συγκατακαίονται
1294 2286 1448 2343 τοῖσι
1477 2282 1723 2366 μάντισι·
1733 2285 1886 2362 βόες,

290 2373 503 2431 πολλοὶ
526 2373 587 2431 δὲ
611 2374 1065 2450 περικεκαυμένοι
1091 2370 1500 2454 ἀποφεύγουσι,
1518 2371 1686 2432 ἐπεσῖν
1711 2373 1890 2436 αὐτῶν

290 2457 323 2518 ὁ
348 2458 521 2536 ῥυμός
546 2461 886 2539 κατακαυθῇ.
964 2460 1332 2520 κατακαίουσι
1352 2459 1412 2518 δὲ
1431 2459 1618 2538 τρόπῳ,
1643 2464 1722 2538 τῷ
1747 2464 1889 2538 εἰρη-

288 2547 434 2625 μένῳ
460 2547 553 2607 καὶ
578 2545 647 2606 δι’
673 2545 857 2611 ἄλλας
878 2548 1053 2610 αἰτίας
1071 2545 1202 2609 τούς
1219 2545 1468 2622 μάντιας,
1481 2547 1889 2624 ψευδομάντιας

289 2635 599 2698 καλέοντες.
628 2681 632 2685 -
678 2633 808 2697 τούς
843 2633 889 2692 δ’
926 2632 995 2693 ἂν
1022 2633 1321 2710 ἀποκτείνῃ
1355 2633 1652 2710 βασιλεῦς,
1677 2634 1890 2697 τούτων

224 2745 229 2750 ·
288 2720 415 2781 οὐδὲ
464 2721 593 2786 τούς
637 2721 839 2785 παῖδας
885 2722 1085 2782 λείπει·
1134 2720 1291 2781 ἀλλοὶ
1336 2720 1522 2803 πάντα
1563 2721 1660 2782 τοὶ,
1685 2723 1888 2801 ἔρσενα

288 2811 498 2880 κτείνει,
523 2809 596 2871 τοὶ
622 2809 682 2869 δὲ
708 2809 886 2886 θήλεα
912 2808 1012 2870 οὔκ
1038 2809 1262 2870 ἀδικέει.

192 2899 274 2957 70·
356 2897 565 2974 Ὅρκια
606 2897 667 2957 δὲ
706 2901 990 2966 ποιεῦνται
1032 2897 1243 2962 Σκύθαι
1291 2894 1409 2966 ὦδε,
1449 2896 1596 2974 πρὸς
1640 2898 1773 2964 τούς
1818 2897 1888 2960 ἂν

287 2986 596 3046 ποιέωνται·
639 2991 695 3049 ἐς
732 2984 935 3044 κύλικα
959 2984 1234 3065 -μεγάλην
1269 2986 1567 3061 κεραμίνην
1605 2986 1758 3046 οἶνον
1797 2992 1884 3068 ἐγ-

284 3073 525 3148 χέαντες,
544 3074 683 3149 αἷμα
702 3073 1095 3153 συμμίσγουσι
1113 3077 1224 3131 τῶν
1236 3066 1314 3130 Ιτοὶ
1333 3071 1492 3147 ὅρκια
1511 3075 1882 3150 ταμνομένων,
1937 3137 1944 3145 ,

284 3157 555 3234 τύψαντες
579 3161 775 3221 ὄπέατι
800 3158 837 3236 ἢ
866 3157 1224 3234 ἐπιταμόντες
1247 3159 1498 3236 μαχαίρῃ
1525 3161 1766 3236 σμικρὸν
1783 3165 1886 3220 τοῦ

348 3243 563 3319 ὅματος·
618 3249 714 3306 καὶ
758 3249 957 3324 ἔπειταγ
988 3243 1390 3322 ἀποβάψαντες
1436 3249 1490 3307 ἐς
1534 3244 1640 3320 τήν
1681 3246 1884 3307 κύλικα
