2267 3517
354 165 632 228 ιιι-172]
723 171 746 196 0
982 169 1307 217 ErTEPnH.
1850 167 1949 215 193

350 240 642 318 ἠσκημένη
668 242 939 304 στύλοισί
958 269 1021 303 τε
1058 244 1313 320 φοίνικας
1343 243 1414 304 τοὶ
1453 243 1677 321 δένδρεα
1711 268 1951 321 μεμιμη-

349 331 572 402 μένοισι
597 330 689 390 καὶ
713 333 786 408 τῇ
811 329 962 409 ἄλλῃ
991 331 1227 409 δαπάνῃ.
1299 332 1410 391 ἔσω
1436 332 1495 391 δὲ
1522 337 1580 392 ἐν
1604 335 1677 411 τῇ
1702 331 1950 392 παστάδι

349 415 474 486 διξὰ
494 417 792 496 θυρώματα
818 422 1038 495 ἔστηκε·
1081 423 1141 477 ἐν
1166 418 1226 478 δὲ
1251 422 1405 479 τοῖσι
1426 418 1717 496 θυρώμασι
1743 418 1780 494 ἦ
1810 419 1953 496 θήκη

350 509 494 569 ἐστί.
548 510 684 570 Εἰσὶ
706 508 768 566 δὲ
797 509 890 567 καὶ
917 512 974 568 αἰ
998 509 1181 584 ταφαὶ
1204 512 1307 567 τοῦ
1336 505 1436 567 οῦκ
1464 505 1626 566 ὅσιον
1651 510 1915 583 ποιεῦμαι
1931 508 2049 570 170

350 597 442 657 ἐπὶ
471 595 703 677 τοιούτῳ
736 595 1024 676 πρήγματι
1057 594 1403 677 ἐξαγορεύειν
1441 593 1687 673 τοῦνομα
1728 597 1787 654 ε’ν
1829 592 1953 665 Σάῖ,

350 689 408 744 ἐν
441 688 519 765 τῷ
556 688 653 763 ἱρῷ
690 689 792 761 τῆς
822 683 1137 760 Ἀθηναίης,
1171 683 1375 744 ὄπισθε
1409 687 1515 744 τοῦ
1554 687 1706 760 νηοῦ,
1747 682 1956 748 παντός

347 776 448 831 τοῦ
473 775 574 848 τῆς
598 771 895 848 Ἀθηναίης
921 770 1182 850 ἐχόμεναι
1206 772 1419 850 τοίχου·
1449 771 1543 831 καὶ
1563 775 1621 831 ἐν
1638 774 1715 852 τῷ
1740 771 1953 848 τεμένεϊ

350 858 553 935 ὀβελοὶ
621 863 825 919 ἑστᾶσι
875 858 1120 940 μεγάλοι
1181 858 1405 919 λίθινοι·
1488 859 1661 936 λίμνη
1712 859 1779 918 τέ
1830 863 1955 919 ἐστι

351 947 604 1025 ἐχομένη,
633 946 821 1025 λιθίνῃ
844 945 1070 1024 κρηπῖδι
1097 946 1487 1022 κεκοσμημένη
1516 946 1608 1005 καὶ
1636 945 1953 1026 ἐργασμένη

351 1033 637 1115 εἶνκύκλῳ,
667 1035 758 1094 καὶ
783 1035 1046 1115 μέγαθος,
1077 1032 1149 1097 ὥς
1176 1034 1300 1110 ἐμοὶ
1332 1032 1530 1103 ἐδόκεε,
1559 1032 1669 1109 ὅση
1696 1059 1801 1112 περ
1828 1032 1866 1108 ἧ
1894 1037 1952 1093 ἐν

352 1121 526 1202 Δήλῳ
560 1123 599 1198 ἦ
633 1121 958 1201 τροχοειδῆς
997 1121 1327 1198 καλεομένη.
1409 1119 1509 1180 Ἐν
1544 1119 1606 1179 δὲ
1643 1125 1714 1199 τῇ
1739 1121 1911 1199 λίμνῃ
1931 1119 2041 1182 171

351 1209 525 1288 ταύτῃ
548 1209 621 1269 τοὶ
647 1210 877 1285 δείκηλα
901 1213 1011 1269 τῶν
1035 1209 1257 1269 παθέων
1289 1205 1458 1268 αὐτοῦ
1486 1207 1682 1272 νυκτὸς
1706 1211 1949 1278 ποιεῦσι,

351 1295 425 1355 τὰ
476 1296 744 1356 καλέουσι
795 1295 1080 1372 μυστήρια
1131 1295 1449 1378 Αἰγύπτιοι.
1531 1295 1659 1373 περὶ
1706 1295 1811 1372 μέν
1856 1321 1953 1356 νυν

350 1383 560 1444 τούτων
597 1383 763 1444 εἰδότι
788 1409 888 1460 μοι
923 1384 1016 1444 ἐπὶ
1046 1385 1223 1444 πλέον
1262 1383 1334 1447 ὦς
1362 1383 1574 1444 ἕκαστα
1606 1381 1785 1443 αὐτῶν
1819 1383 1950 1462 ἔχει,

353 1469 604 1548 εὔστομα
644 1471 867 1531 κείσθω·
928 1471 1020 1530 καὶ
1057 1475 1161 1546 τῆς
1201 1470 1501 1548 Δήμητρος
1538 1473 1768 1546 τελετῆς
1806 1471 1951 1548 πέρι,

349 1558 455 1635 τὴν
468 1599 478 1610 ·
493 1563 549 1619 οἰ
576 1559 856 1634 Ἕλληνες
895 1557 1255 1637 θεσμοφόρια
1296 1558 1582 1628 καλέουσι,
1617 1558 1709 1617 καὶ
1747 1558 1954 1634 ταύτης

352 1646 518 1708 εἰδότι
557 1672 657 1725 μοι
691 1647 819 1724 πέρι
852 1645 1102 1724 εὔστομα
1144 1646 1367 1706 κείσθω·
1409 1645 1563 1722 πλὴν
1603 1645 1743 1706 ὅσον
1784 1644 1952 1720 αὗτῆς

351 1734 485 1812 ὁσίη
513 1736 650 1796 ἐστὶ
667 1735 871 1816 λέγειν,
906 1737 966 1794 αἱ
993 1737 1220 1795 Δαναοῦ
1253 1733 1550 1816 θυγατέρες
1580 1733 1731 1810 ἦσαν
1762 1735 1821 1793 αἰ
1848 1734 1953 1809 τὴν

348 1822 583 1900 τελετήν
607 1821 815 1898 ταύτην
848 1820 911 1891 ἐξ
937 1820 1224 1902 Αἰγύπτου
1257 1820 1654 1902 ἐξαγαγοῦσαι,
1685 1821 1777 1880 καὶ
1803 1819 1948 1880 διδά-

351 1910 524 1980 ξασαι
547 1911 648 1974 τοὶς
674 1908 1142 1990 Πελασγιώτιδας
1165 1911 1447 1989 γυναῖκας·
1488 1907 1631 1984 μετοὶ
1658 1908 1734 1978 δὲ,
1763 1908 1951 1978 ἐξανα-

350 1998 572 2073 στάσης
597 1996 786 2072 πάσης
824 1994 1269 2071 Πελοποννήσου
1306 1994 1417 2056 ῦπὸ
1445 1995 1713 2071 Δωριέων,
1745 1994 1951 2063 ἐξαπό-

351 2087 486 2144 λετο
511 2084 550 2160 ἦ
573 2083 793 2158 τελετή·
835 2085 887 2141 οἳ
921 2082 980 2141 δὲ
1009 2082 1443 2159 ὑπολειφθέντες
1476 2082 1951 2157 Πελοποννησίων

353 2171 447 2229 καὶ
499 2169 599 2229 οὐκ
667 2169 1065 2240 ἐξαναστάντες
1118 2168 1384 2248 Ἀρκάδες
1450 2169 1712 2241 διέσωζον
1778 2167 1951 2246 αὐτ-ἤν

351 2261 568 2333 μοῦνοι.

432 2343 670 2424 Ἀπρίεω
721 2344 782 2405 δὲ
835 2342 938 2404 ὦδε
1005 2346 1494 2423 καταραιρημένου,
1562 2345 1912 2423 ἐβασιᾌευσε
1930 2345 2045 2406 172

342 2431 607 2510 Ἄμασις,
628 2435 802 2510 νομοῦ
827 2433 932 2509 μὲν
957 2432 1170 2497 Σαΐτεω
1198 2432 1317 2493 ἐών·
1346 2438 1406 2493 ἐκ
1425 2437 1526 2510 τῆς
1552 2434 1611 2493 δὲ
1636 2432 1707 2510 ἦν
1732 2434 1947 2505 πόλιος,

353 2519 564 2597 οὔνομά
591 2523 644 2580 οἰ
670 2521 793 2580 ἐστὶ
820 2519 1022 2596 Σιούφ.
1100 2520 1175 2580 τοὶ
1198 2523 1303 2598 μὲν
1328 2520 1397 2596 δὴ
1424 2525 1617 2598 πρῶτα
1652 2519 1949 2581 κατόνοντο

349 2607 450 2667 τᾶν
464 2606 718 2685 Ἀμασιν
737 2607 1050 2689 Αἰγύπτιοι,
1073 2607 1167 2666 καὶ
1192 2613 1251 2668 ἐν
1277 2606 1503 2687 οὐδεμιῇ
1528 2610 1699 2688 μοίρῃ
1725 2607 1948 2690 μεγάλῃ

350 2694 507 2775 ἦγον,
536 2695 633 2755 ἅτε
669 2694 737 2772 δή
775 2695 1022 2772 δημότην
1051 2695 1118 2756 τὸ
1151 2696 1285 2773 πρὶν
1312 2695 1473 2756 ἐόντα
1514 2696 1607 2755 καὶ
1644 2697 1818 2771 οἰκίης
1850 2693 1950 2754 οῦκ

351 2784 668 2858 ἐπιφανέος.
727 2782 871 2860 μετὰ
911 2782 987 2852 δὲ,
1030 2784 1214 2863 σοφίῃ
1256 2780 1454 2846 αὐτοῦς
1492 2782 1527 2844 ὅ
1558 2782 1810 2859 Ἄμασις
1846 2781 1947 2842 οὐκ

349 2869 720 2952 ἀγνωμοσύνῃ
763 2871 1173 2952 προσηγάγετο.
1243 2869 1315 2948 ἦν
1356 2873 1411 2931 οἶ
1450 2870 1606 2930 ἅλλα
1654 2895 1719 2930 τε
1763 2865 1951 2952 ὦγαθοὶ

347 2959 536 3034 μυρία,
562 2963 621 3018 ἐν
645 2958 706 3018 δὲ
733 2958 825 3016 καὶ
856 2958 1204 3036 ποδανιπτὴρ
1242 2957 1483 3038 χρύσεος
1509 2963 1568 3019 ἐν
1592 2962 1669 3038 τῷ
1695 2955 1860 3020 αύτός
1883 2981 1947 3016 τε

349 3044 383 3105 ὅ
414 3044 665 3123 ’Ἀμασις
696 3045 788 3105 καὶ
827 3048 882 3104 οἰ
919 3045 1241 3122 δαιτυμόνες
1275 3049 1329 3105 οἶ
1362 3044 1565 3108 πάντες
1598 3043 1730 3107 τοῦς
1770 3042 1948 3106 πέδας

350 3134 617 3194 ἑκάστοτε
642 3133 1040 3206 ἐναπενιζέατο·
1080 3136 1280 3194 τοῦτον
1306 3131 1423 3192 κατ’
1451 3132 1524 3191 ὧν
1551 3131 1743 3208 κόψας,
1771 3129 1948 3209 ἄγαλέ

346 3248 432 3299 μα
483 3221 744 3299 δαίμονος
791 3220 854 3290 ἐξ
897 3219 1066 3280 αὐτοῦ
1115 3220 1423 3296 ἐποιήσατο
1472 3220 1563 3278 καὶ
1612 3218 1802 3294 ἵδρυσε
1846 3220 1949 3291 τῆς

346 3309 548 3374 πόλιος
601 3309 734 3371 ὅκου
786 3305 858 3385 ἦν
912 3307 1363 3382 ἐπιτηδειότατον·
1432 3307 1487 3364 οἱ
1537 3304 1599 3364 δὲ
1650 3303 1947 3384 Αἰγύπτιοι
2146 3349 2221 3416 -

497 3391 561 3440 16
