2267 3517
359 89 617 153 99—103]
958 91 1410 142 MEAHOMENH.
1867 96 1960 144 321

360 169 544 250 μυχόν
568 176 671 248 τῆς
696 174 896 248 λίμνης
920 171 1141 248 ταύτης.
1223 171 1330 248 ἥδη
1357 172 1430 234 ὧν
1456 172 1570 235 ‹in-<3
1597 175 1700 253 μὲν
1713 175 1958 252 Ἴστρου,

363 261 436 320 τοὶ
465 260 770 337 κατύπερθε
793 266 847 324 ἐς
864 261 969 336 τήν
986 261 1302 342 μεσόγαιαν
1323 263 1582 339 φέροντα,
1601 263 1964 338 ἀποκληίεται

366 349 403 424 ἦ
421 349 665 426 Σκυθικῆ
684 349 793 410 ὖπό
810 349 1039 426 πρώτων
1054 349 1438 430 Ἀγαθύρσων·
1465 351 1607 429 μετοὶ
1624 352 1698 421 δὲ,
1717 355 1959 429 Νευρῶν·

367 440 557 498 ἔπειτα
582 439 657 510 δὲ,
684 437 1099 518 Ἀνδροφάγων·
1136 440 1467 499 τελευταίων
1494 440 1569 510 δὲ,
1598 441 1964 521 Μελαγχλαί-

368 553 492 586 νων.
536 525 707 586 ’Έστι
729 526 803 586 ὦν
821 530 921 602 τῆς
949 527 1238 602 Σκυθικῆς,
1257 526 1328 590 ὥς
1349 525 1549 602 εὀύσης
1567 527 1926 608 τετραγώνου,
1947 530 2056 588 101

368 618 477 674 τῶν
520 614 617 674 δύο
662 615 871 691 μερέων
917 613 1266 690 κατηκόντων
1319 621 1374 678 ε’ς
1423 615 1740 685 θάλασσαν,
1788 616 1969 692 πάντη

369 703 498 762 ἴσον
523 702 591 763 τό
616 729 678 762 τε
706 707 759 765 ἐς
784 701 887 778 τὴν
917 701 1232 782 μεσόγαιαν
1257 703 1449 779 φέρον,
1479 703 1570 761 καὶ
1595 703 1663 763 τὸ
1687 704 1842 779 παρα
1865 703 1968 779 τήν

372 789 693 849 θάλασσαν·
736 789 849 850 ἆπό
893 790 1003 871 γὰρ
1036 789 1268 867 Ἴστρου
1305 790 1397 848 ε’πὶ
1439 791 1792 868 Βορυσθένεα
1837 791 1968 850 δέκα

370 876 616 954 ἡμερέων
633 877 777 940 ὁδός·
806 875 917 938 αἶπό
940 878 1320 955 Βορυσθένεός
1343 877 1391 938 τ’
1409 879 1500 937 ε’πὶ
1519 878 1623 954 τῆν
1643 880 1846 954 λίμνην
1863 879 1968 954 τῆν

372 971 642 1042 Μαιῆτιν,
656 967 851 1042 ἑτέρων
879 967 1029 1025 δέκα·
1059 966 1152 1024 καὶ
1169 965 1236 1026 τὰ
1263 964 1376 1026 ‹in-6
1405 965 1704 1042 θαλάσσης
1724 971 1779 1029 ε’ς
1797 966 1966 1043 μεσό-

370 1079 537 1133 γαιαν
576 1057 631 1116 ἐς
665 1052 795 1116 τοῦς
827 1053 1300 1134 Μελαγχλαίνους
1332 1053 1460 1117 τοῦς
1488 1054 1793 1130 κατύπερθε
1822 1054 1960 1118 Σκυ-

374 1141 513 1200 θέων
546 1141 883 1216 οἰκημένους,
915 1141 1095 1200 εἴκοσι
1129 1139 1376 1218 ἡμερέων
1407 1139 1548 1204 ὁδός.
1631 1140 1668 1216 ἦ
1695 1140 1754 1199 δὲ
1779 1139 1906 1203 ὁδός
1929 1140 1968 1216 ἦ

372 1226 653 1304 ἡμερησίη
696 1225 803 1287 <ivd
849 1225 1108 1303 διηκόσια
1150 1228 1354 1288 στάδια
1399 1229 1810 1304 συμβέβληταί
1849 1254 1966 1304 μοι.

375 1315 515 1375 οὕτω
569 1311 636 1374 ἂν
689 1315 772 1390 εἴη
824 1318 925 1390 τῆς
980 1315 1253 1389 Σκυθικῆς
1303 1314 1376 1375 τοὶ
1427 1314 1724 1392 ἐπικάρσια
1779 1341 1966 1393 τετρα-

376 1396 671 1475 κισχιλίων
690 1395 949 1456 σταδίων·
978 1395 1071 1454 καὶ
1090 1395 1164 1455 τοὶ
1185 1392 1344 1471 ὄρθια
1357 1396 1430 1456 τὰ
1457 1400 1511 1459 ἔς
1534 1396 1636 1471 τήν
1655 1396 1966 1477 μεσόγαιαν

376 1485 637 1560 φέροντα,
672 1484 868 1561 ἑτέρων
899 1481 1184 1542 τοσούτων
1217 1483 1478 1544 σταδίων.
1559 1482 1597 1558 ἦ
1629 1484 1732 1560 μέν
1763 1509 1860 1544 νυν
1891 1487 1969 1565 γῆ

376 1571 513 1648 αὕτη
543 1571 666 1632 ἐστὶ
690 1571 935 1652 μέγαθος
960 1569 1229 1646 τοσαύτη.

343 1687 351 1692 ·
458 1663 532 1718 Οἱ
564 1661 624 1720 δὲ
657 1659 866 1724 Σκύθαι
901 1657 1085 1720 δόντες
1112 1659 1288 1732 σφίσι
1313 1657 1489 1739 λόγον
1515 1658 1586 1722 ὥς
1613 1659 1710 1720 οὐκ
1738 1659 1850 1720 οἷοί
1869 1660 1934 1719 τε’
1951 1661 2062 1718 102

379 1749 489 1805 εἶσι
509 1747 609 1809 τὸν
626 1748 863 1823 Δαρείου
884 1743 1131 1822 στρατόν
1147 1745 1412 1824 ἰθυμαχίῃ
1430 1746 1743 1807 διώσασθαι
1759 1751 1970 1823 μοῦνοι,

331 1909 333 1911 ‚
379 1834 625 1910 ἔπεμπον
646 1840 700 1897 ἐς
724 1828 853 1896 τοῦς
882 1832 1309 1912 πλησιοχώρους
1334 1824 1632 1912 ἀγγέλουςῖ
1662 1838 1772 1892 τῶν
1796 1834 1855 1892 δὲ
1881 1834 1973 1892 καὶ

380 1913 446 1988 δή
468 1917 522 1972 οἱ
540 1916 823 1989 βασιλῆες
843 1911 1210 1976 συνελθόντες
1231 1911 1613 1988 ἐβουλεύοντο,
1635 1912 1707 1975 ὥς
1725 1918 1969 1989 στρατοῦ

379 2000 776 2062 ἐπελαύνοντος
799 2001 1071 2081 μεγάλου·
1098 2001 1248 2076 ἦσαν
1269 1999 1328 2058 δὲ
1348 2001 1402 2058 οἱ
1422 1998 1783 2061 συνελθόντες
1800 2001 1972 2075 βασι-

378 2090 529 2162 λῆες,
582 2087 824 2164 Ταύρων,
866 2092 959 2150 καὶ
1011 2084 1390 2169 Ἀγαθύρσων,
1441 2088 1532 2146 καὶ
1584 2091 1829 2162 Νευρῶν,
1879 2088 1972 2146 καὶ

378 2171 789 2255 Ἀνδροφάγων,
826 2176 918 2234 καὶ
947 2176 1414 2257 Μελαγχλαίνων,
1445 2175 1536 2234 καὶ
1571 2178 1848 2247 Γελωνῶν,
1881 2176 1972 2233 καὶ

381 2262 673 2333 Βουδίνων,
706 2264 797 2322 καὶ
840 2263 1258 2340 Σαυροματέων.
1327 2262 1546 2323 Τούτων
1585 2267 1790 2341 Ταῦροι
1828 2264 1932 2339 μὲν
1952 2265 2067 2322 103

365 2348 605 2424 νόμοισι
628 2351 896 2410 τοιοισίδε
920 2350 1208 2428 χρέωνται·
1251 2350 1449 2412 θύουσι
1473 2353 1576 2428 μὲν
1599 2355 1670 2429 τῇ
1697 2351 1967 2430 Παρθένῳ

378 2437 507 2501 τούς
546 2463 607 2496 τε
658 2438 926 2518 ναυηγοὺς
974 2439 1067 2496 καὶ
1112 2437 1242 2500 τοῦς
1288 2435 1355 2497 ἂν
1407 2438 1636 2514 λάβωσι
1685 2438 1975 2513 Ἑλλήνων

381 2525 807 2603 ἐπαναχθέντας,
833 2523 1021 2603 τρόπῳ
1046 2525 1256 2602 τοιῷδε·
1299 2526 1713 2602 καταρξάμενοι,
1743 2524 1975 2603 ῥοπάλῳ

378 2611 612 2670 παίουσι
653 2611 758 2688 τῆν
806 2610 1079 2688 κεφαλήν·
1141 2615 1194 2671 οἳ
1239 2614 1342 2689 μὲν
1387 2612 1454 2687 δὴ
1503 2614 1754 2694 λέγουσι,
1799 2612 1868 2675 ὦς
1909 2613 1975 2673 τό

379 2702 547 2775 σῶμα
568 2699 679 2760 αἶπὸ
706 2703 806 2759 τοῦ
834 2702 1077 2776 κρημνοῦ
1101 2697 1339 2758 ὦθέουσι
1365 2699 1525 2771 κάτω,
1543 2701 1658 2780 (ἐπὶ
1675 2700 1784 2780 γσῖρ
1808 2725 1978 2776 κρημ-

380 2790 477 2844 νοῦ
506 2787 716 2862 ἵδρυται
741 2787 806 2846 τό
837 2785 999 2864 ἱρόν)
1028 2786 1131 2861 τῆν
1159 2787 1218 2844 δὲ
1247 2786 1504 2862 κεφαλήν
1539 2787 1976 2864 ἀνασταυροῦσι·

382 2877 436 2932 οἱ
470 2873 531 2933 δὲ
562 2875 704 2934 κατοὶ
736 2877 840 2950 μὲν
863 2874 968 2949 τήν
996 2873 1252 2948 κεφαλήν
1277 2873 1668 2954 ὄμολογέδυσι,
1697 2873 1764 2933 τὰ
1789 2874 1979 2950 μέντοι

380 2964 548 3037 σῶμα
574 2961 674 3021 οῦκ
702 2961 972 3022 ὠθέεσθαι
997 2959 1110 3019 ‹in-<3
1138 2964 1237 3020 τοῦ
1265 2965 1509 3037 κρημνοῦ
1545 2961 1794 3040 λέγουσι,
1823 2958 1980 3018 οἷλλᾶ.

378 3053 457 3128 γῇ
485 3049 843 3127 κρύπτεσθαι.
925 3048 1028 3123 τήν
1056 3047 1115 3106 δὲ
1143 3047 1376 3123 δαίμονα
1402 3047 1625 3122 ταύτην,
1652 3050 1723 3125 τῇ
1761 3045 1975 3116 θύουσι,

382 3139 619 3219 λέγουσι
644 3136 801 3198 αὐτοὶ
827 3139 1033 3213 Ταῦροι
1062 3133 1396 3216 Ἰφιγένειαν
1425 3135 1530 3209 τήν
1563 3133 1981 3214 Ἀγαμέμνονος

383 3225 541 3287 εἶναι.
623 3225 927 3302 πολεμίους
968 3223 1026 3282 δὲ
1066 3221 1282 3300 ἄνδρας,
1310 3219 1439 3301 τοῦς
1477 3219 1545 3282 ἂν
1584 3221 1978 3300 χειρώσωνται,

2130 3270 2180 3286 Δ.
2219 3245 2226 3286 Ι
