2267 3517
296 144 391 199 174
889 146 1256 197 ἨΡΟΔΟΤΟΤ
1787 140 1887 207 [Π.

292 221 628 301 άκμάζουσα
664 225 932 291 Ῥοδῶπις
977 224 1110 288 ἀλλ’
1158 224 1225 287 οὔ
1271 223 1414 285 κατά
1455 225 1673 286 τοῦτον·
1739 223 1892 284 ἔτεσι

292 310 405 393 γὰρ
432 311 609 389 κάρτα
642 312 983 374 πολλοῖσι”
949 339 1190 391 υστερον
1216 312 1426 375 τούτων
1458 315 1568 374 τῶν
1601 310 1892 387 βασιλέων

294 402 405 459 τῶν
428 399 528 463 τοὶς
552 402 864 478 πυραμίδας
886 400 1091 465 ταύτας
1107 400 1178 477 ἦν
1203 399 1532 476 λιπομένων,
1556 396 1892 480 [Ῥόδῶπις]

295 486 492 566 γενεήν
514 484 619 565 μὲν
652 487 766 550 άπὸ
792 490 1051 568 Θρηικης·
1094 487 1270 564 δουλη
1297 486 1423 548 δὲ’
1387 513 1458 563 ην
1480 484 1767 562 Ἰάδμονος
1789 491 1892 546 τοῦ

294 572 785 651 Ἡφαιστοπόλιος
808 576 1005 655 άνδρος
1031 577 1264 654 Σαμίου,
1292 574 1598 639 σύνδουλος
1623 574 1684 634 δὲ
1709 572 1892 635 Avo-‹6-

297 687 408 721 που
430 665 531 723 τοῦ
557 668 883 747 λογοποιοῦ·
910 665 1005 724 καὶ
1029 664 1141 746 γάρ
1168 661 1329 727 οὗτος
1343 662 1629 740 Ἰάδμονος
1655 663 1892 742 ἐγένετο,

299 748 373 813 ὥς
409 750 611 821 διέδεξε
643 752 775 832 τῇδε
810 752 911 813 οὐκ
943 751 1170 829 ἥκιστα·
1213 752 1338 812 ἐπεί
1369 776 1431 812 τε
1469 750 1580 831 γὰρ
1611 748 1893 818 πολλάκις

296 838 694 914 κηρυσσόντων
729 844 976 917 Δελφῶν
1006 844 1067 900 ἐκ
1102 840 1441 917 θεοπροπίου
1476 836 1578 901 “33
1615 836 1893 913 βούλοιτο

296 926 498 1002 ποινήν
534 931 637 1004 τῆς
660 929 930 989 Αἰσώπου
970 931 1157 1009 ψυχῆς
1195 924 1545 997 άνελέσθαι,”
1577 923 1756 988 ἄλλος
1786 928 1892 1002 μὲν

299 1011 475 1078 οὐδεὶς
525 1014 723 1093 ἐφάνη,
773 1016 1059 1095 Ἰάδμονος
1125 1016 1189 1075 δὲ
1251 1013 1448 1077 παιδὸς
1511 1016 1659 1082 παῖς,
1711 1010 1892 1081 ἄλλος

295 1098 545 1179 Ἰάδμων,
598 1102 869 1166 άνεῦιετο·
950 1104 1092 1165 οὕτω
1151 1102 1244 1163 καὶ
1293 1102 1558 1165 Αἴσωπος
1605 1099 1892 1177 Ἰάδμονος

208 1190 322 1249 135
340 1192 577 1270 ἐγένετο.
629 1191 899 1258 Ῥοδῶπις
923 1193 983 1253 δὲ
1007 1198 1063 1257 ἐς
1088 1192 1374 1273 Αἴγυπτον
1400 1188 1644 1259 άπίκετο,
1665 1188 1892 1251 Ξάνθεω

298 1281 399 1337 τοῦ
426 1280 642 1356 Σαμίου
667 1282 1021 1358 κομίσαντος·
1054 1280 1363 1357 ἀπικομένη
1384 1278 1444 1338 δὲ
1469 1275 1587 1338 κατ’
1607 1278 1891 1356 ἐργασίην,

301 1364 472 1441 ἐλύθη
501 1367 802 1445 χρημάτων
835 1369 1097 1450 μεγάλων
1130 1366 1242 1429 ὖπὸ
1273 1365 1471 1443 άνδρᾶς
1505 1367 1893 1441 Μυτιληναίου

300 1452 580 1529 Χαράξου,
606 1458 708 1515 τοῦ
739 1456 1255 1534 Σκαμανδρωνύμου
1289 1453 1488 1519 παιδὸς
1525 1452 1808 1530 ἀδελφεοῦ
1831 1454 1893 1515 δὲ

302 1540 575 1616 Σαπφοῦς
624 1548 725 1619 τῆς
782 1548 1168 1621 μουσοποιοῦ··
1221 1542 1364 1605 οὕτω
1414 1542 1483 1618 δὴ
1535 1540 1574 1619 ἦ
1624 1540 1894 1608 Ῥοδῶπις

300 1628 658 1707 ἐλευθερώθη,
697 1632 789 1692 καὶ
819 1632 1105 1708 κατέμεινέ
1124 1657 1189 1693 τε
1223 1635 1281 1692 ἐν
1306 1629 1570 1712 Αἰγύπτῳ
1602 1630 1695 1689 καὶ
1720 1630 1894 1707 κάρτα

298 1716 669 1794 ἐπαφρόδιτος
711 1720 981 1800 γενομένη
1021 1718 1248 1802 μεγάλα
1293 1718 1569 1795 ἐκτήσατο
1609 1717 1892 1797 χρήματα,

301 1802 376 1865 ὥς
404 1802 473 1863 ἂν
509 1805 649 1866 εἶναι
671 1805 959 1879 Ῥοδῶπιν,
986 1807 1127 1886 άτᾶρ
1162 1806 1261 1868 οῦκ
1301 1806 1372 1870 ὥς
1408 1831 1500 1887 γε·
1517 1810 1571 1870 ἐς
1609 1806 1894 1883 πυραμίδα

298 1891 558 1970 τοιαύτην
584 1894 884 1965 ἐξικέσθαι·
923 1899 1025 1973 τῆς
1056 1896 1169 1978 γοὶρ
1203 1895 1307 1971 τὴν
1347 1892 1580 1969 δεκάτην
1612 1898 1723 1953 τῶν
1755 1919 1893 1972 χρη-

297 1978 489 2057 μάτων
521 1982 737 2044 ἶδέσθαι
764 1984 887 2046 ἐστὶ
912 1985 992 2045 ἔτι
1018 1986 1111 2045 καὶ
1144 1990 1200 2049 ἐς
1230 1983 1360 2045 τόδε
1389 1982 1559 2043 παντὶ
1583 1985 1659 2060 τῷ
1683 1983 1894 2057 βουλο·

296 2069 460 2149 μένῳ,
520 2070 678 2133 οὐδὲν
743 2073 829 2132 δεῖ
879 2073 1107 2155 μεγάλα
1159 2076 1214 2133 οἱ
1263 2070 1528 2151 χρήματα
1592 2068 1892 2131 ἀναθεῖναι·

300 2156 621 2236 ἐπεθύμησε
671 2160 781 2242 γσῖρ
831 2160 1101 2226 Ῥοδῶπις
1151 2160 1433 2241 μνημήϊον
1486 2161 1686 2235 ἑωυτῆς
1725 2163 1784 2219 ἐν
1820 2162 1893 2238 τῇ

296 2242 535 2305 Ἑλλάδι
561 2248 990 2320 καταλιπέσθαι,
1014 2250 1232 2328 ποίημα
1255 2248 1610 2325 ποιησαμένη
1633 2250 1801 2308 τοῦτο
1823 2246 1892 2307 τὰ

296 2330 379 2409 μὴ
413 2335 675 2414 τυγχάνει,
712 2335 871 2415 ἄλλῳ
911 2338 1270 2414 ἐξευρημένον
1310 2338 1403 2395 καὶ
1440 2334 1797 2411 α’νακείμενον
1835 2340 1894 2395 ἐν

301 2420 412 2496 ἱρῷ,
433 2424 600 2480 τοῦτο
623 2421 949 2483 οἷναθεῖναι’
924 2450 978 2487 ες
999 2424 1264 2500 Δελφοῦς
1287 2422 1646 2502 μνημόσυνον
1672 2425 1892 2499 ἐωυτῆς·

298 2509 401 2581 τῆς
435 2506 509 2567 ὧν
534 2507 764 2586 δεκάτης
795 2514 908 2571 τῶν
940 2512 1242 2590 χρημάτων
1272 2512 1626 2590 ποιησαμένη
1651 2510 1895 2589 ὄβελους

298 2594 617 2672 βουπόρους
672 2598 927 2663 πολλοῦς
984 2600 1290 2678 σιδηρέους,
1345 2600 1486 2661 ὅσον
1548 2598 1806 2679 ἐνεχωρεε
1853 2596 1894 2676 ἦ

301 2681 503 2759 δεκάτη
549 2687 619 2755 οἶ,
667 2683 961 2765 α’πέπεμπε
1008 2692 1075 2752 ἐς.
1103 2687 1388 2765 Δελφους·
1441 2714 1497 2749 οι
1537 2688 1631 2747 καὶ
1676 2693 1774 2749 νῦν
1813 2689 1895 2749 ἔτι

300 2771 656 2833 συννενέαται
680 2773 886 2836 ὄπισθε
915 2777 1019 2852 μὲν
1051 2779 1154 2837 τοῦ
1188 2779 1390 2855 βωμοῦ
1414 2775 1516 2837 τᾶν
1549 2778 1684 2835 Χῖοι
1708 2774 1894 2839 α’νέθε·

298 2882 428 2928 σαν,
456 2857 644 2921 άντίον
669 2862 730 2923 δὲ
756 2862 925 2925 αὐτοῦ
950 2867 1052 2924 τοῦ
1078 2869 1228 2941 νηοῦ.
1315 2865 1585 2942 φιλέουσι
1617 2864 1682 2925 δέ
1704 2890 1810 2929 κως
1835 2869 1896 2925 ἐν

298 2949 370 3026 τῇ
395 2948 685 3027 Ναυκράτι
711 2950 1075 3030 ἐπαφρόδιτοι
1099 2954 1362 3035 γίνεσθαι
1387 2956 1446 3014 αἶ
1471 2956 1700 3029 ἐταῖραι·
1725 2956 1894 3014 τοῦτο

296 3036 403 3111 μὲν
429 3035 541 3119 γάρ
578 3036 735 3116 αὕτη,
762 3043 864 3117 τῆς
898 3041 1027 3117 πέρι
1062 3042 1289 3123 λέγεται
1325 3040 1485 3103 ὅδε“
1453 3068 1486 3103 ο
1522 3040 1712 3122 λόγος,
1753 3039 1896 3101 οὕτω

298 3121 369 3199 δή
417 3150 475 3185 τι
521 3126 710 3204 κλεινὴ
759 3128 974 3209 ἐγένετο
1020 3154 1091 3192 ως
1138 3130 1231 3189 καὶ
1271 3128 1476 3193 πάντες
1519 3154 1574 3188 οι
1613 3127 1896 3203 ’Έλληνες

296 3207 597 3279 Ροδῶπιος
633 3242 726 3277 το
708 3242 952 3327 „europa
989 3216 1278 3294 ἐξέμαθον·
1343 3220 1514 3279 τοῦτο
1559 3215 1620 3275 δὲ
1657 3214 1894 3291 ὕστερον

297 3297 516 3375 ruffine,
554 3307 628 3381 τῇ
668 3329 879 3381 ουνομα
914 3301 987 3379 ἦν
1023 3301 1317 3385 Ἀρχιδίκη
1357 3302 1608 3381 ἀοίδιμος
1645 3300 1753 3362 άνα
1787 3296 1893 3377 τῆν
