2267 3517
355 154 576 220 17—21]
1029 157 1299 208 emm.
1862 162 1961 211 209

357 235 740 310 μετεπέμπετο
768 235 830 306 ἐξ
855 233 1261 313 Ἐλεφαντίνης
1296 235 1496 300 πόλιος
1526 239 1640 297 τῶν
1661 236 1962 316 Ἰχθυοφά-

354 347 469 403 γων
493 321 706 399 ἀνδρῶν
730 323 861 387 τούς
887 324 1291 400 ἐπισταμένους
1318 323 1424 400 τὴν
1448 324 1748 389 Αἰθιοπίδα
1771 328 1961 406 γλῶσ-

355 433 488 470 σαν·
541 415 602 470 ἐν
639 407 684 488 ᾧ
721 410 784 470 δὲ
819 409 1050 475 τούτους
1087 411 1380 489 μετήῖσαν,
1425 416 1484 471 ἐν
1521 410 1697 493 τούτῳ
1738 413 1956 474 ἐκέλευε

355 498 450 556 ἐπὶ
485 495 593 574 τήν
633 497 975 578 Καρχηδόνα
1024 499 1220 558 πλέειν
1256 498 1359 560 τᾶν
1397 499 1654 560 ναυτικόν
1694 499 1957 578 στρατόν·

355 585 605 650 Φοίνικες
629 585 691 645 δὲ
717 585 818 646 οἰκ
845 587 1069 662 ἔφασαν
1093 586 1356 663 ποιήσειν
1388 591 1585 647 ταῦτα·
1628 587 1877 665 ὄρκίοισί
1895 615 1958 650 τε

353 671 466 754 γὰρ
503 673 809 755 μεγάλοισι
845 673 1164 734 ἐνδεδέσθαι
1204 675 1296 733 καὶ
1332 673 1431 735 οὐκ
1470 672 1543 736 ἄν
1575 677 1785 735 ποιέειν
1822 676 1957 736 ὅσια

357 761 448 821 ἐπὶ
466 787 596 825 τους
611 763 814 826 παῖδας
831 787 961 826 τους
980 766 1192 822 εωυτῶν
1210 763 1661 840 στρατευόμενοι·
1688 765 1958 826 Φοινίκων

357 847 417 907 δὲ
443 847 510 909 οὗ
530 851 913 927 βουλομένων,
935 853 990 910 οἱ
1014 851 1209 910 λοιποὶ
1235 875 1337 910 ουκ
1363 850 1716 930 α’,ξιόμαχοι’
1690 851 1955 932 εγίνοντο.

357 936 736 1046 Καρχηδόνιοι
786 938 893 1012 μέν
945 963 1042 1000 νυν
1091 926 1235 998 οὕτω
1288 938 1640 1014 δουλοσύνην
1691 939 1957 1020 διέφυγον

353 1024 496 1102 πρός
536 1028 824 1103 Περσέων·
878 1025 1209 1103 Καμβύσης
1245 1053 1357 1108 γαρ
1395 1028 1535 1104 βίην
1574 1026 1674 1086 οὐκ
1715 1027 1955 1087 ἐδικαίου

355 1114 702 1192 προσφέρειν
726 1114 956 1184 Φοίνιξι,
985 1113 1072 1174 ὅτι
1098 1114 1286 1190 σφέας
1307 1139 1373 1174 τε
1398 1112 1594 1178 αὐτοῦς
1619 1113 1955 1174 ἐδεδώκεσαν

356 1200 624 1279 Πέρσῃσι
675 1202 770 1261 καὶ
818 1205 931 1266 πὰἶς
975 1207 1038 1261 ἐκ
1076 1203 1345 1262 Φοινίκων
1382 1199 1591 1278 ἤρτητο
1630 1200 1661 1261 ὅ
1702 1199 1955 1265 ναυτικδς

356 1289 628 1364 στρατός.·
697 1288 884 1354 δόντες
943 1287 1006 1350 δὲ
1062 1289 1155 1349 καὶ
1214 1289 1459 1367 Κύπριοι
1516 1289 1701 1365 σφέας
1759 1287 1957 1353 αὐτοῦς

355 1375 622 1456 Πέρσῃσι
687 1375 1086 1454 ἐστρατεύοντο
1150 1376 1235 1437 ἐπ’
1291 1379 1597 1458 Αἴγυπτον.
1678 1376 1842 1435 Ἐπεί
1892 1403 1954 1437 τε
1973 1379 2051 1438 20

355 1461 418 1522 δὲ
452 1468 532 1544 τῷ
571 1463 868 1544 Καμβύσῃ
907 1469 969 1524 ἐκ
1005 1469 1109 1541 τῆς
1145 1463 1549 1541 Ἐλεφαντίνης
1587 1463 1856 1524 ἀπίκοντο
1897 1468 1952 1525 οἱ

353 1549 737 1635 Ἰχθυοφάγοι,
765 1554 977 1630 ἔπεμπε
1008 1551 1209 1616 αὐτοῦς
1244 1557 1301 1617 ἐς
1333 1553 1465 1617 τούς
1488 1553 1763 1617 Αἰθίοπας
1790 1558 1950 1613 ἐντει-

351 1638 596 1717 λάμενος
631 1641 706 1702 τὰ
738 1641 928 1721 λέγειν
957 1640 1088 1720 χρὴ,
1125 1642 1219 1701 καὶ
1255 1641 1405 1719 δῶρα
1440 1643 1715 1718 φέροντας
1738 1640 1954 1719 πορφύ-

350 1727 482 1804 ρεόν
504 1755 570 1790 τε
594 1729 724 1806 εἷμα
749 1729 841 1788 καὶ
865 1729 1110 1808 χρύσεον
1136 1728 1418 1806 στρεπτόν
1452 1730 1835 1809 περιαυχένιον
1862 1729 1955 1788 καὶ

351 1816 526 1893 ψέλια
556 1819 650 1878 καὶ
685 1817 867 1895 μύρου
905 1814 1283 1894 ἀλάβαστρον
1322 1816 1416 1876 καὶ
1456 1817 1771 1893 φοινικηΐου
1804 1816 1955 1876 οἴνου

331 1903 538 1980 κάδον.
621 1908 677 1965 οἱ
717 1905 778 1964 δὲ
807 1905 1075 1968 Αἰθίοπες
1111 1901 1283 1974 οὗτοι,
1324 1909 1381 1967 ἐς
1411 1903 1545 1967 τούς
1586 1902 1880 1979 ἀπέπεμπε
1918 1904 1952 1964 ὁ

355 1992 696 2068 Καμβύσηςρ
737 1992 1001 2072 λέγονται
1043 1987 1185 2052 εἶναι
1216 1992 1479 2072 μέγιστοι
1519 1989 1612 2048 καὶ
1653 1989 1954 2050 κάλλιστοι

353 2076 656 2155 ἀνθρώπων
679 2078 917 2140 πάντων·
957 2079 1187 2157 νόμοισι
1222 2079 1283 2138 δὲ
1323 2079 1415 2137 καὶ
1440 2076 1675 2136 ἄλλοισι
1699 2078 1951 2154 χρᾶσθαι

356 2163 554 2230 αὐτούς
581 2173 734 2243 φασι
773 2167 1237 2247 κεχωρισμένοισι
1268 2170 1381 2226 τῶν
1416 2163 1607 2224 ἄλλων
1633 2163 1951 2240 ἀνθρώπων,

356 2252 450 2312 καὶ
475 2253 546 2360 δή
578 2254 672 2313 καὶ
708 2253 852 2314 κατὰ
888 2253 995 2331 τήν
1031 2254 1349 2330 βασιληίην
1377 2252 1588 2331 τοιῷδε·
1628 2251 1729 2312 τόν
1752 2248 1822 2311 ἂν
1845 2255 1957 2312 τῶν

356 2365 544 2400 αστων
560 2344 788 2419 κρίνωσι
804 2341 1076 2422 μέγιστόν
1091 2367 1158 2402 τε
1184 2341 1321 2401 εἶναι
1341 2340 1433 2399 καὶ
1460 2338 1601 2400 κατὰ
1619 2365 1685 2400 το
1669 2338 1953 2420 μέγαθος

355 2427 502 2507 ἔχειν
524 2429 630 2506 τήν
657 2429 838 2510 ἶσχυν,
863 2455 1066 2491 τουτον
1089 2429 1313 2498 ἀξιοῦσι
1336 2426 1685 2505 βασιλεύειν.

433 2514 529 2580 Ἐς
579 2517 808 2580 τούτους
847 2517 915 2592 δὴ
957 2516 1033 2577 ὦν
1069 2542 1201 2580 τους
1239 2515 1441 2593 ανδρας
1480 2541 1553 2579 ως
1590 2514 1859 2575 ἀπίκοντο
1899 2540 1953 2574 οι
1934 2514 2041 2572 ‘21

353 2601 738 2687 Ἰχθυοφαγοι,
781 2605 1022 2668 διδόντες
1054 2629 1134 2664 τα
1172 2604 1321 2681 δῶρα
1358 2607 1437 2682 τῷ
1472 2604 1719 2680 βασιλέϊ
1757 2627 1952 2672 αυτων,

353 2691 552 2772 ἔλεγον
595 2693 745 2752 τάδε·
813 2702 850 2730 “
866 2691 1149 2755 Βασιλεῦς
1200 2690 1235 2752 o‘
1287 2691 1557 2768 Περσέων
1608 2690 1951 2767 Καμβύσης,

352 2778 702 2856 βουλόμενος
728 2781 901 2856 φίλος
924 2805 1014 2840 τοι
1044 2779 1139 2840 καὶ
1174 2778 1349 2848 ξεῖνος
1382 2779 1664 2860 γενέσθαι,
1691 2777 1868 2855 ἡμέας
1889 2801 1954 2836 τε

353 2863 652 2946 ἀπέπεμψε
693 2871 748 2932 ἐς
785 2867 993 2949 λόγους
1028 2891 1120 2928 τοι
1161 2867 1347 2926 ἐλθεῖν
1385 2865 1638 2936 κελεύων,
1677 2867 1769 2924 καὶ
1805 2865 1955 2941 δῶρα

351 2955 532 3014 ταῦτα’,
580 2977 671 3016 τοι
721 2954 866 3014 διδοῖ
906 2957 1059 3015 τοῖσι
1107 2954 1201 3012 καὶ
1254 2953 1421 3016 αὖτός
1465 2955 1723 3030 μάλιστα
1764 2951 1957 3027 ἥδεται

352 3040 714 3121 χρεώμενος.”
794 3040 827 3101 ὅ
885 3042 948 3102 δὲ
1008 3042 1223 3120 Αἰθίοψ
1278 3040 1474 3118 μαθών
1532 3041 1621 3102 ὅτι
1683 3038 1955 3099 κατόπται

337 3128 559 3205 ἥκοιεν,
584 3130 738 3211 λέγει
763 3128 904 3206 πρός
937 3127 1139 3192 αὖτούς
1172 3128 1377 3188 τοιάδε·
1420 3134 1457 3163 “
1474 3125 1600 3186 οὔτε
1626 3126 1661 3186 o‘
1688 3124 1957 3202 Περσέων

353 3217 635 3295 βασιλεῦς
673 3217 823 3294 δῶρα
867 3215 1040 3291 υμέας
1092 3217 1306 3292 ἔπεμψε
1358 3214 1635 3289 φέροντας
1670 3215 1957 3290 προτιμῶν

351 3310 576 3432 πολλῗξῖ
629 3306 754 3384 ἐμοὶ
807 3304 982 3377 ξεῖνος
1037 3302 1320 3378 γενέσθαι,
1376 3299 1503 3360 οὔτε
1550 3298 1710 3376 υμεῖς
1761 3299 1957 3373 λέγετε
