2267 3517
344 115 628 180 173-175J
975 115 1297 166 mmmm.
1840 116 1933 165 195

349 197 626 274 ἐπιτήδεα,
665 196 974 258 κλέπτεσκε
1012 192 1080 256 ἂν
1118 194 1357 273 περιϊών·
1404 197 1459 256 οἶ
1498 191 1545 254 δ’
1584 192 1654 255 ἅν
1691 219 1788 272 μιν
1826 192 1936 272 φά-

352 309 506 346 ιιενοι
531 286 675 364 ἔχειν
697 283 770 344 τοὶ
795 284 1046 361 σφέτερα
1062 283 1328 363 χρήματα
1346 281 1673 359 ἀρνεύμενον
1693 281 1936 363 ἄγεσκον

351 374 444 432 ἐπὶ
485 371 771 449 μαντήϊον,
813 370 947 431 ὅκου
995 372 1261 432 ἑκάστοτε
1308 371 1410 446 εἴη.
1490 369 1684 429 πολλα
1722 372 1825 447 μὲν
1868 368 1938 446 δὴ

350 462 443 520 καὶ
467 461 735 520 ἁλίσκετο
759 459 868 520 ὖπὸ
898 463 1008 520 τῶν
1040 459 1333 537 μαντηΐων,
1357 455 1553 517 πολλοὶ
1588 457 1649 516 δὲ
1684 457 1777 516 καὶ
1801 457 1937 518 α’πο-

352 546 647 632 φεύγεσκε·
690 548 814 608 ἐπεί
833 573 896 608 τε
923 546 984 606 δὲ
1015 547 1108 607 καὶ
1142 546 1558 623 ἐβασίλευσε,’
1532 549 1711 606 εποίεε
1732 545 1937 606 τοιάδε·

351 635 481 696 ὅσοι
517 639 621 712 μὲν
652 634 820 696 αὐτον
855 637 964 696 τῶν
1000 635 1140 695 θεῶν
1166 633 1457 694 ἀπέλυσαν
1486 633 1567 711 μή
1593 637 1759 710 φῶρα
1784 633 1938 704 εἶναι,

351 723 560 784 τούτων
597 725 701 801 μὲν
737 725 848 783 τῶν
888 725 1016 799 ἶρῶν
1055 719 1183 782 οὔτε
1224 721 1525 798 ἐπεμέλετο
1566 719 1691 781 οὔτε
1731 725 1787 784 ἐς
1824 725 1939 780 ἐπι-

353 811 560 887 σκευὴν
595 811 774 871 ἐδίδου
810 808 986 870 οὐδέν·
1027 807 1155 870 ου’δὲ
1186 809 1441 885 φοιτέων
1458 809 1597 879 ἔθυε,
1625 807 1699 872 ὥς
1722 807 1941 873 οὐδενὸς

355 903 512 959 ἐοῦσι
537 897 744 973 ᾇξίοισι
769 896 976 976 ψεύδεά
998 922 1064 958 τε
1095 895 1339 974 μαντήῖα
1371 897 1772 973 κεκτημένοισι·
1812 895 1943 957 ὅσοι

355 986 418 1046 δέ
438 1012 536 1062 μιν
561 985 870 1062 κατέδησαν
900 988 1066 1062 φῶρα
1095 983 1251 1054 εἶναι,
1276 983 1484 1045 τούτων
1512 984 1573 1043 δὲ
1600 982 1670 1046 αἷς
1693 982 1941 1060 ἀληθέως

356 1074 496 1133 θεῶν
535 1073 732 1134 ἐόντων
771 1072 864 1132 καὶ
901 1071 1143 1150 ἀψευδέα
1178 1070 1420 1150 μαντήῖα
1456 1071 1844 1151 παρεχομένων
1867 1071 1941 1130 ‘rei

355 1160 610 1239 μάλιστα
636 1161 954 1238 ἐπεμέλετο.

439 1249 558 1307 Καὶ
593 1251 760 1307 τοῦτο
796 1247 916 1323 μὲν,
943 1250 1002 1306 ἐν
1041 1243 1150 1312 Σάῖ
1185 1247 1259 1324 τῇ
1280 1244 1548 1326 Ἀθηναίῃ
1576 1243 1900 1322 προπύλαια
1918 1243 2032 1307 175

360 1333 654 1411 θωυμάσιά
679 1337 734 1394 οἱ
758 1332 1068 1410 ἐξεποίησε,
1092 1333 1317 1394 πολλᾶν
1348 1331 1559 1396 πάντας
1582 1331 1939 1410 ὑπερβαλλό-

358 1446 523 1499 μενος
550 1424 628 1499 τῷ
659 1446 722 1481 τε
750 1419 881 1498 ὕψεϊ
909 1420 1003 1480 καὶ
1041 1423 1118 1499 τῷ
1161 1420 1409 1502 μεγάθεϊ,
1444 1419 1597 1481 ὅσων
1631 1445 1693 1481 τε
1732 1419 1799 1480 τὸ
1844 1419 1939 1496 με’-

358 1510 532 1589 γαθος
555 1509 728 1569 λίθων
753 1508 876 1568 ἐστὶ
901 1508 994 1568 καὶ
1023 1507 1218 1568 ὁκοίων
1249 1507 1411 1568 τέων(
1441 1511 1609 1568 τοῦτο
1634 1507 1711 1577 δὲ,
1738 1511 1943 1568 κολοσ-

359 1597 496 1660 σούς
505 1595 785 1677 μεγάλους
801 1594 893 1654 καὶ
909 1593 1329 1676 ἀνδρόσφιγγας
1346 1594 1681 1673 περιμήκεας
1696 1594 1941 1671 ἀνέθηκε,

358 1685 550 1747 λίθους
567 1709 631 1744 τε
656 1681 866 1747 ἄλλους
887 1687 942 1747 ἔς
966 1682 1263 1758 ἐπισκευήν
1280 1681 1595 1760 ὖπέρφυέας
1610 1681 1677 1743 τὸ
1701 1683 1945 1763 μέγαθος

361 1770 608 1848 ἐκόμισε.
686 1769 931 1853 ἠγάγετο
964 1770 1024 1830 δὲ
1053 1769 1261 1832 τούτων
1283 1769 1413 1833 τοῦς
1440 1771 1545 1847 μὲν
1574 1774 1636 1829 ἐκ
1669 1774 1779 1830 τῶν
1804 1768 1944 1829 κατιῗΙ

359 1860 598 1936 Μέμφιν
623 1859 860 1919 ἐουσέων
884 1858 1265 1935 λιθοτομιέων,
1288 1856 1419 1921 τούς
1448 1857 1508 1916 δὲ
1536 1856 1949 1937 ὑπερμεγάθεας

363 1945 425 2016 ἐξ
445 1946 846 2022 Ἐλεφαντίνης
873 1945 1087 2016 πόλιος,
1120 1944 1302 2005 πλόον
1327 1944 1419 2004 καὶ
1458 1945 1667 2004 ἐείκοσι
1698 1943 1944 2020 ἡμερέων

363 2032 684 2112 ἀπεχούσης
721 2031 834 2092 ‹in-6
888 2032 1072 2096 Σάῖος.
1152 2031 1219 2092 τό
1270 2031 1333 2091 δὲ
1385 2029 1485 2092 ούκ
1522 2029 1729 2106 ἥκιστα
1767 2029 1949 2090 αὐτῶν

363 2117 520 2178 α’,λλοὶ
556 2119 810 2194 μάλιστα
849 2119 1130 2194 θωυμάζω,
1172 2120 1295 2181 ἔστι
1331 2118 1477 2180 τόδε·
1519 2118 1721 2194 οἴκημα
1752 2116 1951 2194 μουνό-

362 2206 527 2266 λιθον
567 2205 794 2282 ἐκόμισε
825 2203 889 2274 ἐξ
929 2203 1331 2283 Ἐλεφαντίνης
1375 2205 1593 2269 πόλιος·
1654 2204 1745 2263 καὶ
1784 2207 1949 2264 τοῦτο

366 2290 618 2370 ἐκόμιζον
639 2293 744 2370 μὲν
773 2291 858 2352 ἐπ’
884 2293 1008 2352 ἔτεα
1039 2295 1185 2371 τρία,
1222 2293 1495 2374 δισχίλιοι
1518 2292 1581 2352 δέ
1606 2295 1660 2352 οἱ
1683 2317 1949 2369 προσετε-

363 2379 577 2459 τάχατο
628 2379 818 2458 ἄνδρες
865 2378 1119 2462 α’γωγέες,
1166 2381 1259 2440 καὶ
1311 2378 1465 2442 οὗτοι
1515 2379 1753 2444 ἅπαντες
1801 2379 1952 2456 ἦσαν

367 2469 720 2544 κυβερνῆται·
783 2470 885 2544 τῆς
922 2468 985 2528 δὲ
1021 2470 1228 2549 στέγης
1262 2467 1466 2544 ταύτης
1514 2468 1582 2528 τὰ
1633 2470 1737 2544 μὲν
1774 2471 1951 2544 μῆκος

367 2555 562 2625 ἔξωθεν
587 2556 710 2616 ἐστι
735 2553 812 2618 εἷς
835 2579 898 2615 τε
923 2556 1016 2615 καὶ
1042 2555 1222 2616 εἴκοσι
1246 2554 1466 2635 πήχεες,
1494 2553 1649 2631 εὖρος
1670 2555 1731 2616 δὲ
1752 2579 1951 2615 τεσσε-

365 2643 710 2719 ρεσκαίδεκα,
762 2641 903 2721 ὕψος
953 2642 1016 2702 δὲ
1063 2640 1229 2704 όκτῶ.
1307 2645 1485 2703 ταῦτα
1526 2645 1631 2719 μὲν
1666 2642 1741 2704 τοὶ
1777 2642 1955 2720 μέτρα

369 2729 566 2798 ἔξωθεν
612 2733 717 2806 τῆς
767 2730 973 2812 στέγης
1032 2733 1134 2806 τῆς
1196 2729 1536 2808 μουνολίθου
1588 2729 1731 2790 ἐστί·
1811 2727 1955 2808 ἀτὰρ

368 2817 576 2878 ἔσωθεν
599 2817 666 2878 τὸ
703 2820 882 2894 μῆκος
919 2816 1289 2878 ὀκτωκαίδεκα
1322 2817 1545 2896 πηχέων
1584 2818 1676 2877 καὶ
1700 2817 1955 2898 πυγόνος,

367 2929 434 2964 το
415 2901 591 2962 δε’
533 2929 689 2981 ευρος
711 2902 952 2964 δυώδεκα
975 2905 1213 2984 πηχέων,
1228 2930 1296 2965 το
1320 2905 1380 2964 δὲ
1397 2904 1537 2983 ὕψος
1555 2906 1718 2966 πεντε
1736 2905 1958 2984 πηχέων

313 3005 316 3008 ’
370 2990 514 3050 ἐστί.
566 2991 704 3066 αὕτη
741 2995 840 3050 τοῦ
882 2994 1000 3068 ἱροῦ
1041 2993 1222 3051 κέεται
1258 3017 1413 3069 παρα
1448 2992 1551 3067 τήν
1592 2991 1805 3052 ἔσοδον·
1847 2993 1959 3050 ἔσω

369 3076 480 3157 γάρ
503 3101 600 3155 μιν
626 3082 682 3141 ἐς
704 3077 770 3138 τό
798 3077 915 3156 ἱρόν
942 3073 1090 3154 φασι
1111 3077 1268 3138 τῶνδ’
1296 3079 1476 3139 εἵνεκα
1499 3077 1598 3138 οὐκ
1635 3075 1957 3138 ἐσελκύσαι·

369 3164 470 3225 τὸν
533 3163 894 3244 α’ρχιτέκτονα
955 3163 1141 3241 αὐτῆς,
1207 3166 1506 3242 ἑλκομένης
1569 3167 1671 3238 τῆς
1735 3164 1959 3243 στέγης,

370 3249 740 3322 αναστενάξαι
798 3249 892 3310 οἶά
945 3276 1010 3311 τε
1065 3251 1273 3330 χρόνου
1331 3249 1683 3329 ἐκγεγονότος
1736 3251 1961 3310 πολλοῦ
