2267 3517
346 183 443 233 164
943 184 1308 235 ‘HPOAOTOT
1367 224 1374 229 .
1836 178 1936 244 [11.

341 260 452 343 ἐγῶ
491 264 595 340 μὲν
636 262 897 341 ἔλπομαι,
942 267 990 323 εἰ
1033 264 1126 323 καὶ
1175 261 1340 327 αὖτός
1382 260 1643 339 Πρίαμος
1687 261 1938 321 συνοίκεε

337 348 555 430 Ἑλένῃ,
574 349 877 412 α’ποὸοῦναι
896 350 967 412 ἂν
981 350 1156 428 αὐτὴν
1172 354 1329 411 τοῖσι
1343 349 1634 429 Ἀχαιοῖσι
1652 340 1940 427 μέλλοντά

340 462 408 518 γε
444 436 512 514 δή
547 442 659 499 τῶν
690 438 1009 516 παρεόντων
1046 442 1229 499 κακῶν
1263 436 1804 518 ἀπαλλαγήσεσθαι.
1873 434 1939 495 οὔ

341 526 447 601 μὲν
480 524 606 585 οὐδὲ
640 526 680 603 ἦ
714 526 1000 604 βασιληΐη
1035 531 1092 592 ἐς
1123 525 1498 603 Ἀλέξανδρον
1533 523 1766 602 περιήῖε,
1793 522 1939 584 ὥστε

339 612 601 691 γέροντος
640 612 904 690 Πριάμου
945 613 1150 684 ἐόντος,
1186 612 1270 673 ἐπ’
1304 613 1489 692 ἐκείνῳ
1521 610 1594 671 va*
1635 610 1935 692 πρήγματα

344 700 502 759 εἶναι·
543 700 699 760 α’,λλοὶ
723 700 959 779 Ἕκτωρ,
986 701 1079 761 καὶ
1105 700 1495 779 πρεσβύτερος
1521 699 1613 759 καὶ
1639 698 1779 777 ἀνὴρ
1807 698 1938 758 ἐκεί-

342 812 440 847 νου
464 791 690 865 μᾶλλον
711 788 829 859 ἐῶν,
851 788 1056 866 ἔμελλε
1082 788 1257 867 αὐτὴν
1276 787 1542 866 Πριάμου
1561 786 1942 851 ἀποθανόντος

344 874 845 954 παραλάμψεσθαι·
877 876 978 937 τόν
1005 875 1071 937 οὗ
1096 879 1354 955 προσῆκε
1380 875 1654 935 ἀδικέοντι
1677 878 1754 953 τῷ
1779 873 1938 933 άδελ·

347 966 465 1043 φεῷ
490 964 817 1041 ἐπιτρέπειν,
847 964 940 1023 καὶ
971 966 1150 1025 ταῦτα
1180 963 1444 1046 μεγάλων
1471 966 1652 1022 κακῶν
1678 960 1746 1021 δι’
1771 960 1942 1024 αὖτὸν

346 1050 772 1129 συμβαινόντων
814 1052 922 1131 ἰδίῃ
959 1077 1023 1112 τε
1063 1053 1157 1112 καὶ
1197 1051 1344 1131 αὐτῷ
1379 1051 1474 1111 καὶ
1510 1052 1664 1111 τοῖσι
1703 1046 1941 1110 ἄλλοισι

344 1141 491 1199 πᾶσι
516 1139 723 1217 Τρωσί.
790 1137 923 1201 ἀλλ’
950 1138 1015 1199 οὗ
1040 1140 1154 1222 γοὶρ
1182 1138 1335 1219 εἶχον
1358 1138 1594 1214 Ἑλένην
1620 1136 1939 1209 ἀποδοῦναι,

346 1225 473 1287 οὐδὲ
516 1228 753 1308 λέγουσι
797 1226 1019 1288 αὐτοῖσι
1064 1227 1170 1303 τήν
1215 1227 1495 1303 ἅληθηΐην
1547 1226 1841 1287 ἐπίστευον
1887 1228 1942 1285 οἶ

335 1312 633 1390 Ἕλληνες,
662 1314 733 1378 ὥς
756 1316 861 1392 μὲν
887 1314 997 1395 ἐγῶ
1020 1315 1247 1395 γνώμην
1272 1312 1674 1391 ἀποφαίνομαι,
1701 1316 1802 1373 τοῦ
1827 1312 1941 1372 δαι·

347 1401 543 1479 μονίου
587 1401 1106 1480 παρασκευάζοντος
1148 1401 1288 1465 ὅκως
1329 1399 1682 1480 πανωλεθρίῃ
1733 1400 1942 1461 α’πολό-

345 1513 504 1566 μενοι
530 1491 843 1565 καταφανές
871 1491 1039 1549 τοῦτο
1066 1493 1222 1549 τοῖσι
1257 1487 1604 1567 ἀνθρώποισι
1638 1487 1940 1565 ποιήσωσι,

354 1574 427 1639 ὥς
471 1579 580 1637 τῶν
618 1574 880 1655 μεγάλων
920 1573 1272 1653 ἀδικημάτων
1308 1575 1556 1657 μεγάλαι
1597 1576 1710 1637 εἶσὶ
1751 1575 1844 1636 καὶ
1883 1578 1943 1635 αἶ

347 1662 604 1740 τιμωρίαι
636 1662 791 1741 παρὰ
828 1666 939 1724 τῶν
971 1663 1130 1725 θεῶν.
1202 1663 1298 1724 καὶ
1333 1667 1512 1725 ταῦτα
1549 1665 1670 1743 μὲν,
1703 1666 1778 1744 τῇ
1817 1663 1945 1742 ἐμοὶ

350 1748 543 1822 δοκέει,
570 1750 799 1829 εἴρηται.

259 1836 369 1899 121
432 1839 691 1916 Πρωτέος
711 1840 771 1899 δὲ
787 1838 1116 1912 ἐκδέξασθαι
1132 1839 1240 1919 τὴν
1253 1840 1570 1920 βασιληίην
1581 1840 1944 1919 Ῥαμψίνιτον

238 1950 245 1957 ·
351 1925 565 2008 ἔλεγον·
590 1926 653 1991 ὃς
674 1928 1009 2006 μνημόσυνα
1034 1931 1260 1991 ἐλίπετο
1278 1930 1350 1991 τσῖ
1369 1929 1695 2008 προπύλαια
1712 1926 1785 1988 τοὶ
1803 1926 1945 2006 πρός

352 2016 595 2094 ἕσπέρην
608 2008 967 2095 ’τετραμμένα
990 2022 1091 2078 τοῦ
1108 2017 1502 2096 Ἡφαιστείου,
1520 2017 1737 2079 ἀντίους
1755 2015 1816 2075 δὲ
1835 2020 1945 2076 τῶν

350 2105 710 2187 προπυλαίων
736 2107 942 2182 ἔστησε
973 2106 1297 2185 ἀνδριάντας
1329 2105 1428 2165 δύο
1461 2104 1650 2168 ἐόντας
1681 2103 1748 2164 τό
1773 2105 1943 2185 μέγα·

352 2192 451 2255 θος
488 2192 653 2253 πέντε
692 2194 785 2253 καὶ
826 2194 1033 2254 ἐείκοσι
1070 2196 1314 2273 πηχέων·
1360 2196 1471 2254 τῶν
1511 2191 1808 2273 Αἰγύπτιοι
1845 2190 1946 2252 τόν

350 2281 455 2357 μὲν
472 2278 612 2357 πρὸς
634 2281 823 2358 βορέω
845 2283 1090 2342 ἑστεῶτα
1111 2281 1380 2340 καλέουσι
1407 2282 1582 2357 θέρος,
1603 2279 1703 2340 τόν
1723 2279 1782 2338 δὲ
1807 2278 1946 2356 πρός

353 2364 517 2425 νότον
541 2369 805 2445 χειμῶνα·
848 2368 943 2427 καὶ
970 2366 1071 2429 τᾶν
1100 2370 1208 2445 μὲν
1240 2368 1511 2427 καλέουσι
1542 2368 1719 2444 θέρος,
1749 2370 1948 2428 τοῦτον

354 2452 458 2529 μὲν
475 2455 891 2529 προσκυνέουσί
910 2479 975 2515 τε
1002 2456 1095 2515 καὶ
1117 2453 1178 2515 εὖ
1197 2456 1475 2515 ποιέουσι·
1499 2453 1600 2515 τὸν
1619 2454 1680 2513 δὲ
1702 2458 1948 2534 χειμῶνα

357 2539 693 2617 καλεύμενον
728 2540 802 2603 τὰ
843 2542 1087 2619 ἔμπαλιν
1126 2541 1335 2603 τούτων
1377 2541 1615 2619 ἔρδουσι.
1700 2544 1949 2602 πλοῦτον

356 2626 418 2685 δὲ
449 2627 626 2707 τούτῳ
659 2633 737 2708 τῷ
770 2630 1013 2706 βασιλέϊ
1047 2630 1313 2712 γενέσθαι
1347 2628 1590 2711 ἀργύρου
1624 2630 1819 2711 μέγαν,
1849 2629 1949 2690 τόν

356 2712 553 2775 οὐδένα
576 2719 686 2776 τῶν
715 2715 951 2795 ὕστερον
982 2717 1395 2796 ἐπιτραφέντων
1424 2719 1719 2794 βασιλέων
1749 2715 1949 2778 δύνασ-

355 2802 451 2863 θαι
474 2800 921 2881 ὑπερβαλέσθαι,
950 2804 1062 2866 οὐδ’
1088 2804 1253 2887 ἐγγῧς
1279 2805 1482 2866 ἐλθεῖν·
1512 2805 1867 2882 βουλόμενον
1890 2805 1952 2865 δὲ

356 2887 524 2952 αὐτὸν
562 2895 621 2952 ἐν
655 2890 957 2972 α’,σφαληΐῃ
990 2892 1064 2953 τοὶ
1100 2893 1366 2973 χρήματα
1401 2894 1773 2971 θησαυρίζειν,
1807 2896 1952 2953 οἶκο-

358 2978 659 3055 δομέεσθαι
686 2980 891 3057 οἴκημα
924 2981 1142 3041 λίθινον
1166 2984 1266 3041 τοῦ
1297 2984 1408 3041 τῶν
1431 2982 1637 3059 τοίχων
1671 2981 1766 3040 ἕνα
1799 2984 1856 3044 ἐς
1885 2978 1953 3041 τό

358 3066 459 3136 ἔξω
480 3067 651 3145 μέρος
679 3070 780 3143 τῆς
807 3068 979 3143 οἰκίης
1006 3068 1170 3147 ἔχειν·
1210 3067 1310 3129 τόν
1337 3068 1395 3128 δὲ
1424 3067 1808 3149 ἐργαζόμενον,
1838 3072 1953 3126 ἐπι-

358 3154 721 3228 βουλεύοντα,
768 3153 902 3215 τάδε
952 3156 1337 3234 μηχανᾶσθαι·
1389 3159 1502 3215 τῶν
1552 3155 1726 3215 λίθων
1777 3178 1952 3235 παρα-

358 3242 753 3303 σκευάσασθαι
805 3241 901 3301 ἕνα
948 3241 1236 3319 ἐξαιρετὸν
1289 3242 1428 3302 εἶναι
1481 3245 1543 3299 ἐκ
1602 3243 1703 3299 τοῦ
1760 3240 1956 3316 τοίχου

359 3328 577 3402 ῥηϊδίως
624 3331 716 3391 καὶ
753 3325 866 3389 ὑπὸ
911 3328 1012 3391 δύο
1048 3328 1264 3407 ἀνδρῶν
1307 3329 1401 3389 καὶ
1441 3325 1552 3386 dud
1595 3323 1734 3387 ἑνός·
1783 3322 1855 3386 ῶς
1895 3322 1956 3383 δὲ
