2267 3517
327 136 388 184 32
931 132 1300 183 'HPOAO'I'OT
1854 132 1923 195 [I.

325 211 396 288 ἦν
436 211 607 290 ὁρέων
646 211 714 271 τὰ
755 210 1099 289 ποιεόμενον·
1141 208 1333 287 μαθών
1370 210 1434 269 δέ
1471 234 1569 285 μιν
1612 208 1645 269 ὅ
1684 210 1931 288 χαλκεύς

319 299 806 378 οἷποθωυμάζοντα,
837 298 957 359 εἶπε
987 297 1347 375 παυσάμενος
1368 300 1469 357 τοῦ
1496 297 1677 378 ἔργου·
1722 296 1800 373 “ἦ
1828 324 1927 360 κου

319 386 404 458 ἂν,
433 387 476 447 ὦ
501 388 642 457 ξεῖνε
664 386 881 457 Λάκων,
911 387 962 447 εἴ
983 413 1088 464 περ
1117 385 1256 449 εἶδες
1279 384 1347 446 τό
1372 410 1479 461 περ
1506 385 1629 467 ἐγώ,
1658 384 1833 461 κάρτα
1857 386 1926 449 ἂν

320 474 679 588 ἑθῶυμαζεςί
647 501 779 535 οκου
799 479 896 536 νῦν
915 500 1056 535 ουτω
1075 473 1368 556 τυγχάνεις
1389 474 1580 549 θῶυμα
1604 472 1926 549 ποιεύμενος

319 563 422 639 τὴν
442 564 710 647 ἐργασίην
727 588 828 623 του
801 561 1100 639 σιδήρου·
1136 560 1253 669 ἐγω
1269 586 1381 641 γαρ
1408 565 1467 620 ἐν
1490 560 1623 638 τῇδε
1649 561 1828 621 θέλων
1848 561 1925 651 τῇ

319 650 468 730 αὗλῇ
512 652 712 759 φρέαρ
740 650 1108 727 ποιήσασθαι,
1152 648 1413 727 ὄρυσσων
1460 648 1729 728 ἐπέτυχον
1772 653 1924 728 σορῷ

267 786 278 794 .
321 738 647 819 ἑπταπήχεϊ·
679 737 788 798 ὖπό
816 737 932 797 δὲ’
895 738 1158 813 απιστίης
1181 762 1262 813 μη
1286 738 1389 814 μὲν
1412 735 1675 818 γενέσθαι
1692 736 1925 814 μηδαμα

315 826 549 903 μέζονας
583 825 905 904 ἀνθρώπους
939 828 1049 886 τῶν
1079 828 1194 894 νῦν,
1222 823 1404 903 ἀνῷξα
1435 822 1623 900 αὐτὴν,
1652 824 1745 883 καὶ
1778 824 1924 885 εἶδον

314 912 415 973 τὸν
449 914 642 991 νεκρόν
671 913 838 990 μήκεϊ
871 912 1002 973 ἴσον
1031 911 1193 973 ἐόντα
1228 915 1303 990 τῇ
1342 914 1513 989 σορῷ·
1552 910 1838 987 μετρήσας
1862 912 1923 972 δὲ

319 1001 618 1081 συνέχωσα
643 1000 876 1062 ὄπίσω.”
915 998 949 1060 ὅ
966 1002 1071 1077 μὲν
1089 998 1160 1075 δή
1187 1000 1242 1059 οἶ
1269 1000 1429 1079 ἔλεγε
1454 996 1527 1057 τά
1550 1024 1657 1075 περ
1683 996 1920 1059 ὀπώπεε·

317 1087 351 1148 ό
377 1088 438 1148 δὲ
457 1088 695 1152 ἐννώσας
713 1088 786 1148 τὰ
803 1086 1099 1169 λεγόμενα,
1121 1086 1514 1163 συνεβάλλετο
1532 1084 1632 1146 τόν
1648 1084 1923 1162 Ὀρέστεα

315 1176 458 1237 κατὰ
494 1176 560 1237 τὰ
597 1176 935 1255 θεοπρόπιον
969 1179 1169 1235 τοῦτον
1206 1174 1360 1243 εἴναι,
1386 1173 1520 1251 τῇδε
1554 1173 1921 1250 συμβαλλεό-

313 1290 496 1340 μενος·
535 1269 637 1324 τοῦ
673 1264 916 1343 χαλκέος
952 1262 1050 1321 δύο
1081 1262 1257 1341 ὁρέων
1292 1260 1498 1337 φύσας,
1528 1258 1658 1323 τούς
1689 1260 1922 1338 ἀνέμους

315 1350 539 1427 εὕρισκε
570 1350 778 1414 ἐόντας·
816 1349 916 1411 τόν
949 1350 1010 1409 δὲ
1041 1349 1258 1427 ἄκμονα
1292 1349 1385 1407 καὶ
1414 1348 1519 1425 τὴν
1553 1352 1797 1427 σφῦραν,
1822 1349 1922 1410 τόν

315 1463 379 1497 τε
411 1436 589 1497 τύπον
626 1437 720 1496 καὶ
757 1436 856 1497 τὸν
898 1434 1213 1497 ἀντίτυπον·
1252 1435 1353 1497 τόν
1394 1436 1455 1495 δὲ
1497 1435 1921 1512 ἐξελαυνόμενον

315 1526 562 1603 σίδηρον,
590 1523 657 1585 τό
684 1529 848 1601 πῆμα
875 1524 968 1583 ἐπὶ
991 1522 1209 1600 πήματι
1236 1524 1503 1600 κείμενον·
1546 1522 1687 1583 κατὰ
1710 1524 1922 1585 τοιόνδε

312 1638 371 1672 τι
398 1611 638 1684 εἰκάζων,
660 1612 731 1675 ὥς
757 1612 850 1672 ἐπὶ
875 1616 1023 1691 κακῷ
1049 1610 1340 1689 ἀνθρώπου
1366 1610 1594 1687 σίδηρος
1611 1609 1919 1688 ἀνεύρηται.

314 1698 822 1777 συμβαλλεόμενος
847 1699 908 1759 δὲ
931 1702 1123 1769 ταῦτα,
1153 1699 1247 1759 καὶ
1277 1698 1539 1759 οἷπελθῶν
1568 1703 1624 1761 ἐς
1658 1698 1921 1811 Σπάρτην

314 1788 520 1864 ἔφραζε
565 1787 1056 1865 Λακεδαιμονίοισι
1095 1790 1212 1847 πᾶν
1252 1787 1319 1847 τό
1359 1789 1613 1867 πρῆγμα·
1660 1789 1716 1845 οἶ
1757 1786 1819 1847 δὲ
1860 1792 1921 1847 ἐκ

312 1874 490 1957 λόγου
515 1878 778 1935 πλαστοῦ
805 1875 1177 1938 ἐπενείκαντές
1208 1878 1263 1935 οἱ
1294 1875 1489 1949 αἰτίην,
1517 1873 1783 1943 ἐδίωξαν·
1778 1902 1833 1937 ο
1818 1874 1921 1935 δὲ

313 1961 646 2041 ἀπικόμενος
679 1967 736 2027 ἐς
769 1963 978 2044 Τεγέην
1011 1962 1104 2022 καὶ
1141 1961 1366 2040 φράζων
1399 1960 1504 2037 τήν
1537 1964 1736 2021 ἑωυτοῦ
1778 1988 1919 2039 συμ-

313 2050 498 2130 φορὴν
520 2078 662 2130 προς
684 2049 784 2112 τόν
809 2050 1043 2131 χαλκέα,
1073 2050 1375 2128 ἐμισθοῦτο
1400 2074 1516 2125 παρ
1557 2074 1656 2108 ουκ
1686 2048 1918 2109 ἐκδιδόν-

314 2165 407 2203 τος
445 2139 551 2215 τῆν
597 2138 792 2215 αὐλήν·
838 2137 1020 2219 χρόνῳ
1062 2138 1122 2197 δὲ
1164 2136 1235 2201 ὥς
1274 2136 1570 2219 ἀνέγνωσε,
1616 2137 1916 2213 ἐνοικίσθη·

311 2226 578 2304 ἀνορύξας
598 2226 658 2285 δὲ
675 2226 777 2288 τᾶν
794 2225 980 2301 τάφον
999 2226 1093 2285 καὶ
1116 2224 1190 2285 ταῖ
1216 2224 1391 2285 ὀστέα
1415 2223 1713 2293 συλλέξας,
1732 2224 1917 2303 οἴχετο

313 2312 499 2389 φέρων
526 2318 581 2375 ἐς
607 2311 889 2389 Σπάρτην·
923 2314 1016 2371 καὶ
1042 2312 1155 2372 dm?
1181 2312 1381 2371 τούτου
1404 2316 1505 2371 τοῦ
1530 2310 1753 2389 χρόνου,
1780 2309 1917 2374 ὅκως

312 2397 584 2477 πειρῴατο
615 2396 899 2473 ἀλλήλων,
927 2402 1128 2475 πολλῷ
1160 2400 1551 2475 κατυπέρτεροι
1578 2402 1656 2476 τῷ
1686 2399 1917 2477 πολέμῳ

313 2487 560 2567 ἐγίνοντο
586 2487 640 2543 οἳ
664 2483 1108 2560 Λακεδαιμόνιοι·
1150 2483 1259 2560 ἤδη
1290 2485 1353 2543 δέ
1382 2490 1495 2560 σφι
1527 2485 1621 2543 καὶ
1648 2484 1689 2563 ἦ
1720 2485 1915 2561 πολλῆ

310 2576 413 2649 τῆς
438 2570 884 2646 Πελοποννήσου
909 2569 980 2645 ἦν
1005 2572 1487 2649 κατεστραμμένη.

220 2663 293 2720 69
393 2662 582 2719 Ταῦτα
637 2658 705 2734 δή
761 2656 836 2718 ὦν
885 2657 1068 2719 πάντα
1117 2658 1527 2736 πυνθανόμενος
1580 2655 1614 2719 ὅ
1666 2662 1918 2735 Κροῖσος

313 2746 524 2825 ἔπεμπε
550 2750 605 2810 ἐς
631 2744 896 2823 Σπάρτην
925 2744 1203 2827 ἀγγέλους
1238 2744 1387 2823 δῶρά
1421 2771 1487 2807 τε
1516 2746 1790 2824 φέροντας
1824 2749 1917 2806 καὶ

313 2834 682 2911 δεησομένους
723 2835 1065 2912 συμμαχίης,
1103 2832 1485 2910 ἐντειλάμενός
1526 2860 1589 2894 τε
1620 2832 1695 2894 τοὶ
1730 2835 1918 2916 λέγειν

312 2926 476 3001 χρῆν.
559 2923 613 2981 οἱ
639 2921 699 2980 δὲ
719 2919 976 2983 ἐλθόντες
1001 2922 1217 3002 ἔλεγον·
1259 2922 1516 3000 ’(ἔπεμψε
1540 2920 1717 2998 ἡμέας
1747 2924 1918 2997 Κροῖ-

314 3036 421 3074 σος
453 3008 486 3069 ὁ
519 3008 714 3073 Λυὸων
747 3032 812 3066 τε
841 3008 934 3067 καὶ
964 3006 1155 3067 ἄλλων
1187 3008 1383 3068 ἐθνέων
1415 3006 1712 3083 βασιλευς,
1738 3010 1919 3088 λέγων

312 3098 462 3158 τάδε·
525 3095 568 3156 ὦ
620 3093 1064 3170 Λακεδαιμόνιοι,
1115 3094 1435 3173 χρήσαντος
1484 3099 1585 3155 τοΰ
1637 3096 1768 3155 θεοῦ
1817 3092 1919 3152 τόν

303 3184 565 3261 Ἕλληνα
605 3183 779 3260 φίλον
815 3181 1249 3258 ormesta-oms
1214 3182 1385 3259 υμέας
1421 3208 1531 3262 γαρ
1571 3179 1917 3253 πυνθάνομαι

313 3271 655 3351 προεστάναι
697 3273 800 3346 τῆς
837 3268 1132 3339 Ἑλλάδος,
1168 3268 1338 3346 ὑμέας
1380 3267 1454 3330 ὧν
1498 3267 1638 3328 κατὰ
1674 3264 1741 3326 τὰ
1781 3288 1918 3343 χρη-
