2267 3517
347 158 442 205 126
956 156 1320 229 ἩΡοΔοτοτ
1836 152 1939 218 [11.

342 261 415 295 τα
448 234 601 305 δεξιοὶ
628 235 893 345 φέροντες
920 234 1025 311 τήν
1053 238 1234 314 χεῖρα,
1263 232 1560 314 Αἰγύπτιοι
1595 231 1727 292 δὲ’
1689 230 1804 292 από
1830 234 1944 293 τῶν

344 321 593 392 δεξιῶν’
566 322 658 381 επὶ
692 322 765 382 τοὶ
796 322 1081 399 ἀριστερά·
1125 323 1219 381 καὶ
1249 324 1532 384 ποιεῦντες
1559 324 1754 390 ταῦτα,
1783 320 1943 380 αὐτοὶ

344 410 449 486 μέν
469 413 671 486 φασι’
645 436 735 467 επι
714 409 907 479 δεξια
925 410 1131 470 ποιέειν
1146 409 1434 485 ’Έλληνας
1461 407 1573 466 δὲ’
1547 407 1630 467 επ’
1652 406 1939 518 ἀριστερά.

347 497 669 573 διφασίοισι
695 497 754 556 δὲ
779 496 1078 578 γράμμασι
1102 498 1391 577 χρέωνται·
1427 496 1519 555 καὶ
1543 495 1615 556 τδ.
1639 497 1743 573 μὲν
1763 495 1943 556 αὐτῶν

348 584 440 662 ἱραῖ
462 584 535 645 τσῖ
560 584 619 645 δὲ
646 584 918 661 δημοτικοὶ
943 585 1215 646 καλέεται.

251 670 328 733 37
427 673 739 749 Θεοσεβέες
780 672 841 731 δὲ
878 676 1166 749 περισσῶς
1206 671 1386 736 ε’όντες
1423 670 1682 749 μάλιστα
1719 670 1942 733 πάντων

345 758 661 836 ἀνθρώπων,
690 758 915 836 νόμοισι
944 759 1214 820 τοιοίσιδε
1237 760 1527 839 χρέωνται.
1597 764 1657 818 ἐκ
1686 760 1943 838 χαλκέων

345 847 626 959 ποτηρίων
661 848 905 918 πίνουσι,
939 847 1306 922 διασμέωντες
1341 846 1446 906 <ivd
1483 848 1678 906 πᾶσαν
1709 846 1939 923 ἡμέρην,

346 932 447 993 οὐκ
486 962 519 995 ο
558 961 664 1012 μεν
694 935 755 996 ὅ
767 934 813 995 δ’
846 934 928 1006 οὗ,
963 933 1119 995 ἄλλα
1152 933 1372 999 πάντες.
1445 959 1643 1011 ειματα
1682 934 1742 993 δε
1781 936 1941 994 λίνεα

347 1023 620 1101 φορέουσι
645 1023 751 1082 αἰεὶ
776 1022 1071 1094 νεόπλυτα,
1100 1021 1509 1099 ἐπιτηδεύοντες
1533 1024 1701 1082 τοῦτο
1730 1021 1938 1098 μάλισ-

343 1135 434 1170 τα.
490 1110 563 1171 τά
587 1136 651 1171 τε
676 1112 858 1171 αἰδοῖα
876 1110 1307 1188 περιτάμνονται
1333 1108 1730 1187 καθαριότητος
1751 1109 1937 1170 εἵνεκε·

342 1203 717 1276 προτιμῶντες
753 1199 988 1276 καθαροὶ
1024 1198 1163 1258 εἶναι
1196 1195 1235 1274 ἦ
1273 1196 1721 1275 εὐπρεπέστεροι.
1789 1199 1844 1256 οἱ
1879 1198 1941 1257 δὲ

344 1286 483 1361 ἱρέες
514 1286 799 1362 ξυρεῦνται
824 1289 939 1346 πᾶν
962 1285 1029 1346 τό
1061 1289 1229 1363 σῶμα
1255 1284 1347 1345 διαὶ
1378 1284 1567 1362 τρίτης
1595 1283 1821 1362 ἡμέρης,
1851 1286 1940 1345 ἵνα

342 1372 486 1448 μήτε
512 1374 680 1449 φθεὶρ
698 1373 842 1450 μήτε
868 1371 1019 1432 ἄλλο
1043 1372 1302 1451 μυσαρόν
1326 1373 1498 1450 μηδὲν
1519 1373 1806 1455 ἐγγίνηταί
1827 1379 1940 1449 σφι

342 1458 712 1536 θεραπεύουσι
757 1460 886 1524 τούς
932 1460 1109 1524 θεούς.
1193 1462 1410 1537 ἐσθῆτα
1455 1461 1516 1519 δὲ
1566 1460 1840 1537 φορέουσι
1884 1463 1940 1520 οἱ

348 1547 487 1623 ἱρέες
512 1548 701 1623 λινέην
725 1546 955 1625 μούνην,
977 1548 1070 1607 καὶ
1086 1547 1422 1625 ὖποδήματα
1444 1548 1722 1625 βύβλινα·
1754 1546 1940 1625 ἄλλην

344 1635 409 1694 δέ
436 1641 548 1711 σφι
581 1636 796 1711 ἐσθῆτα
836 1634 937 1695 οὐκ
976 1636 1161 1706 ἔξεστι
1196 1638 1417 1713 λαβεῖν,
1448 1635 1575 1696 οὐδὲ
1606 1636 1940 1713 ὑποδήματα

344 1721 517 1782 ἄλλα.
586 1725 817 1783 λοῦνται
849 1723 908 1784 δὲ
949 1722 1033 1788 δὶς
1065 1728 1169 1799 τῆς
1201 1723 1412 1801 ἡμέρης
1451 1723 1688 1800 ἑκάστης
1728 1728 1937 1804 ψυχρῷ,

344 1810 438 1869 καὶ
474 1810 555 1875 δὶς
590 1809 828 1889 ἑκάστης
862 1811 1073 1875 νυκτός.
1141 1809 1326 1876 ἄλλας
1357 1836 1422 1871 τε
1453 1812 1724 1888 θρησκίας
1765 1817 1940 1872 ε’πιτε-

344 1898 543 1959 λέουσι
588 1899 803 1975 μυρίας,
845 1898 917 1964 ὥς
958 1902 1131 1960 εἰπεῖν
1170 1898 1345 1982 λόγῳ.
1411 1899 1707 1979 πάσχουσι
1746 1900 1807 1959 δὲ
1846 1901 1940 1960 καὶ

343 1986 529 2069 ἀγαθοὶ
556 1986 655 2048 οὖκ
686 1986 874 2069 ὀλίγα·
917 1987 1044 2050 οὔτε
1067 2014 1124 2049 τι
1148 1986 1259 2069 γάρ
1284 1991 1397 2049 τῶν
1427 1989 1648 2063 οἰκηΐων
1670 1988 1939 2065 τρίβουσι

344 2073 471 2136 οὔτε
496 2076 887 2148 δαπανέωνται,
908 2075 1065 2137 ἀλλὰ
1093 2077 1188 2135 καὶ
1214 2072 1512 2152 σιτίασφί
1534 2080 1658 2135 ε’στι
1685 2075 1776 2152 ἱροὶ
1802 2102 1940 2136 πεσ-

344 2163 575 2241 σόμενα,
621 2165 714 2223 καὶ
760 2169 931 2242 κρεῶν
975 2165 1161 2241 βοέων
1207 2164 1300 2223 καὶ
1350 2164 1562 2243 χηνέων
1612 2163 1834 2239 πλῆθός
1882 2191 1939 2224 τι

346 2250 559 2331 ἑκάστῳ
584 2253 796 2333 γίνεται
827 2252 1066 2322 πολλόν,
1093 2251 1306 2329 ἡμέρης
1339 2250 1594 2327 ἑκάστης·
1636 2251 1846 2310 δίδοται
1878 2251 1942 2311 δέ

344 2344 457 2412 σφι
491 2340 583 2396 καὶ
615 2338 763 2402 οἶνος
792 2337 1117 2415 ἀμπέλινος.
1186 2336 1388 2417 ἰχθύων
1420 2337 1481 2396 δὲ
1516 2336 1583 2397 οὔ
1608 2344 1722 2414 σφι
1756 2338 1940 2408 ἔξεστι

342 2424 655 2485 πάσασθαι.
744 2425 985 2502 κυάμους
1032 2426 1093 2485 δὲ
1142 2424 1270 2486 οὗτε
1319 2451 1376 2486 τι
1427 2424 1586 2502 μάλα
1640 2428 1941 2503 σπείρουσι

347 2511 640 2593 Αἰγύπτιοι
667 2517 726 2573 ἐν
748 2516 821 2591 τῇ
846 2512 1019 2592 χώρῃ,
1045 2512 1176 2577 τούς
1203 2538 1266 2573 τε
1290 2513 1619 2594 γενομένους
1650 2512 1777 2574 οὔτε
1800 2514 1939 2592 τρῶ·

342 2625 510 2680 γουσι
552 2597 678 2661 οὔτε
720 2600 944 2678 ἕψοντες
983 2600 1301 2661 πατέονται·
1344 2604 1398 2660 οἱ
1434 2600 1494 2659 δὲ
1528 2600 1597 2677 δὴ
1635 2603 1774 2679 ἱρέες
1813 2601 1940 2662 οὐδὲ

343 2685 591 2763 ὁρέοντες
617 2686 926 2768 ἀνέχονται,
959 2689 1275 2765 νομίζοντες
1306 2686 1373 2747 οὔ
1405 2686 1652 2765 καθαρόν
1676 2714 1774 2765 μιν
1800 2689 1940 2749 εἶναι

343 2772 600 2851 ὄσπριον.
668 2778 851 2852 ἱρᾶται
879 2776 939 2835 δὲ
965 2775 1064 2835 οὐκ
1092 2776 1169 2839 εἷς
1196 2774 1434 2835 ἑκάστου
1464 2779 1574 2835 τῶν
1599 2776 1755 2846 θεῶν,
1783 2776 1939 2837 οἷλλοὶ

341 2862 556 2921 πολλοὶ
574 2866 685 2923 τῶν
707 2862 781 2926 εἷς
802 2867 926 2923 ἐστι
946 2862 1260 2942 οἷρχιέρεως·
1289 2861 1455 2922 ε’πεοῖν
1475 2862 1538 2921 δέ
1558 2887 1645 2926 τις
1661 2862 1938 2943 ἀποθάνῃ,

341 2945 542 3009 τούτου
568 2948 601 3009 ὅ
620 2954 759 3012 ’παῖς
785 2947 1257 3010 ἀντικατίσταται.

248 3036 327 3097 38
423 3035 567 3100 Τοὒς
611 3036 671 3096 δὲ
710 3039 855 3114 βοῦς
894 3036 1025 3100 τοῦς
1070 3038 1298 3113 ἔρσενας
1342 3041 1446 3098 τοῦ
1487 3035 1756 3113 Ἐπάφου
1800 3037 1940 3098 εἶναι

341 3124 648 3201 νομίζουσι,
697 3124 791 3184 καὶ
841 3123 1041 3185 τούτου
1096 3125 1275 3184 εἵνεκα
1328 3124 1690 3202 δοκιμάζουσι
1743 3122 1943 3188 αὐτοῦς

345 3210 467 3272 ὧδε·
506 3215 675 3293 τρίχα
704 3210 775 3290 ἢν
816 3211 909 3270 καὶ
948 3213 1083 3288 μίαν
1111 3214 1294 3288 ἴδηται
1336 3217 1613 3273 ἐπεοῦσαν
1651 3212 1942 3288 μέλαιναν,

343 3298 409 3359 οὔ
436 3302 679 3378 καθαρὸν
700 3301 838 3360 εἶναι
857 3301 1084 3372 νομίζει.
1144 3301 1357 3372 δίζηται
1377 3301 1436 3359 δὲ
1454 3304 1632 3359 ταῦτα
1656 3298 1748 3356 ἐπὶ
1766 3298 1945 3368 τούτῳ
