2267 3517
348 145 630 211 101-106]
1041 146 1267 198 mmm.
1888 148 1951 196 53

345 228 562 303 ἐπῆλθε
581 226 836 291 Σκυθέων
861 227 1103 305 στρατός
1127 227 1322 308 μέγας·
1350 225 1452 308 ἄγε
1480 226 1539 287 δὲ
1558 224 1757 291 αὐτοῦς
1775 227 1949 302 βασι-

345 314 478 377 λεύς
515 313 548 375 ὁ
591 315 844 379 Σκυθέων
883 314 1136 391 Μαδύης,
1166 314 1512 392 Πρωτοθύεω
1550 317 1702 378 παῖς·
1746 313 1799 374 οἳ
1826 315 1947 374 ἐσέ-

343 403 536 479 βαλον
566 403 670 480 μὲν
704 408 760 465 ἐς
789 402 895 479 τήν
923 402 1125 478 Ἀσίην
1150 404 1495 479 Κιμμερίους
1520 401 1859 479 ἐκβαλόντες
1893 407 1953 462 ἐκ

345 494 446 567 τῆς
469 489 756 569 Εὐρώπης,
784 488 1038 551 τούτοισι
1065 490 1125 549 δὲ
1158 489 1529 567 ἐπισπόμενοι
1561 490 1841 571 φεύγουσι
1866 490 1954 549 οὕ-

345 602 424 637 τω
449 583 506 641 ἐς
528 577 636 655 τήν
661 577 924 656 Μηδικήν
947 578 1137 658 χώρην
1162 577 1447 639 ἀπίκοντο.
1489 578 1685 659 (Ἔστι
1711 579 1771 638 δὲ
1797 578 1910 639 α’,πό
1932 581 2048 639 104

345 669 447 741 τῆς
473 667 676 745 λίμνης
699 670 801 743 τῆς
825 665 1137 743 Μαιήτιδος
1162 666 1255 725 ἐπὶ
1285 670 1468 727 Φᾶσιν
1493 666 1750 744 ποταμόν
1782 667 1873 726 καὶ
1900 672 1955 731 ἐς

347 752 614 833 Κόλχους
638 753 940 833 τριήκοντα
968 753 1219 831 ημερέων
1246 752 1455 834 εὖζῶνω
1490 753 1636 819 οδός·
1678 758 1741 814 ἐκ
1766 753 1827 815 δὲ
1850 758 1953 831 τῆς

347 842 634 920 Κολχιδος
675 842 740 901 οὖ
786 841 1012 902 πολλόν
1057 840 1375 918 ύπερβῆναι
1422 847 1478 905 ἐς
1521 867 1627 917 την
1674 842 1951 919 Μηδικην,

346 926 560 988 ἀλλὰ*
533 956 592 990 εν
621 956 690 991 το
725 929 818 991 δια
850 929 1032 1007 μέσου
1066 930 1221 993 ἔθνος
1247 929 1427 989 αύτῶν
1454 930 1594 999 ἐστὶ,
1623 929 1951 1009 Σάσπειρες·

343 1020 512 1077 τοῦτο
543 1016 604 1077 δὲ
633 1017 1183 1095 παραμειβομένοισι
1213 1016 1411 1076 εἶναι’
1384 1042 1444 1077 εν
1472 1020 1545 1094 τῇ
1570 1018 1817 1096 Μηδικῇ.
1887 1044 1952 1077 ου

343 1104 536 1180 μέντοι
562 1105 622 1165 οἶ
633 1132 703 1187 γε
728 1105 940 1171 Σκύθαι
964 1103 1139 1183 ταύτῃ
1166 1104 1469 1179 ἐσέβαλον,
1486 1102 1642 1164 ἀλλὰ
1663 1104 1768 1181 τήν
1793 1104 1953 1164 κατύ-

344 1194 516 1269 περθε
540 1192 673 1254 όδόν
695 1197 896 1272 πολλῷ
912 1193 1261 1271 μακροτέρην
1282 1190 1698 1270 ἐκτραπόμενοι,
1719 1197 1778 1251 ἐν
1796 1191 1951 1272 δεξιῇ

347 1280 568 1357 ἔχοντες
588 1280 656 1341 τό
682 1280 1011 1341 Καυκασιον
1035 1279 1209 1361 ὅρος.)
1292 1280 1529 1341 ἐνθαῦτα
1554 1283 1609 1340 οἶ
1632 1282 1737 1357 μὲν
1762 1280 1953 1356 Μῆδοι

346 1366 744 1444 συμβαλόντες
765 1371 920 1429 τοῖσι
944 1368 1199 1447 Σκύθῃσι
1227 1368 1319 1427 καὶ
1339 1368 1676 1453 εσσωθέντες
1694 1372 1768 1447 τῇ
1791 1368 1949 1447 μάχῃ

344 1460 448 1531 τῆς
491 1455 671 1535 α’ρχῆς
713 1456 1118 1533 κατελύθησαν,
1161 1459 1215 1517 οἱ
1255 1456 1315 1516 δὲ
1355 1455 1568 1521 Σκύθαι
1613 1454 1717 1531 τὴν
1753 1455 1956 1533 Ἀσίην

343 1548 538 1605 πᾶσαν
565 1544 830 1624 ἐπέσχον.
897 1542 1189 1605 Ἐνθεῧτεν
1215 1541 1338 1604 δὲ’
1300 1552 1471 1620 ηἵσαν
1499 1542 1584 1603 ἐπ’
1604 1544 1908 1625 Αἴγυπτον·
1932 1546 2047 1605 105

346 1632 440 1691 καὶ
473 1633 600 1693 ἐπεί
623 1658 689 1693 τε
719 1632 978 1715 ἐγένοντο
1013 1636 1074 1693 ἐν
1096 1636 1171 1711 τῇ
1208 1632 1571 1711 Παλαιστίνῃ
1598 1631 1773 1711 Συρίῃ
1796 1638 1953 1709 Ψαμ-

341 1720 563 1800 μίτιχός
587 1726 773 1797 σφεας
799 1718 1088 1802 Αἰγύπτου
1113 1718 1394 1797 βασιλεῦς
1428 1717 1697 1782 alvredo-ae
1728 1718 1963 1798 δώροισί

341 1832 406 1867 τε
422 1810 515 1868 καὶ
531 1813 728 1888 λιτῇσι
744 1808 1049 1887 α’ποτρέπει
1059 1807 1127 1869 τό
1144 1808 1480 1887 προσωτέρω
1495 1806 1577 1883 μὴ
1594 1806 1953 1885 πορεύεσθαι·

345 1898 399 1955 οἱ
432 1897 492 1956 δὲ
525 1897 651 1956 ἐπεί
675 1921 739 1956 τε
772 1895 1179 1975 ἀναχωρέοντες
1212 1894 1395 1956 ὀπίσω
1428 1895 1683 1976 ἐγένοντο
1713 1900 1813 1971 τῆς
1850 1896 1955 1960 Συ-

344 1982 468 2058 ρίης
525 1988 584 2043 ἐν
635 1982 960 2043 Ἀσκάλωνι
1008 1982 1166 2054 πόλι,
1220 1987 1332 2043 τῶν
1388 1981 1639 2042 πλεόνων
1699 1983 1955 2046 Σκυθέων

346 2068 801 2144 παρεξελθόντων
835 2069 1085 2140 α’σινέων,
1112 2070 1303 2151 ολίγοι
1333 2072 1478 2133 τινὲς
1513 2068 1697 2129 αὐτῶν
1730 2068 1956 2129 υπολει-

349 2155 584 2229 φθεντες
608 2154 900 2231 ἐσύλησαν
921 2160 1024 2232 τῆς
1051 2155 1330 2233 Ούρανίης
1358 2156 1696 2234 Ἀφροδίτης
1719 2155 1786 2216 τό
1815 2156 1953 2234 ἱρόν.

349 2243 473 2302 ἐστι
497 2242 558 2302 δε
579 2247 749 2303 τοῦτο
773 2241 840 2302 τὸ
862 2241 996 2321 ἶρον,
1025 2269 1097 2307 ως
1124 2244 1235 2325 ἐγω
1258 2243 1670 2321 πυνθανόμενος
1697 2243 1949 2331 ευρίσκω,

347 2354 568 2390 παντων
593 2329 974 2443 οἱρχαιότατον
991 2333 1122 2409 ἶρῶν
1155 2329 1270 2391 ὅσα
1297 2331 1503 2408 ταύτης
1534 2336 1637 2407 τῆς
1672 2332 1819 2401 θεοῦ·
1862 2334 1956 2393 καὶ

345 2443 459 2498 γαρ
497 2444 565 2479 το
606 2423 666 2479 ἐν
706 2418 974 2499 Κύπρωε
957 2445 1077 2497 ιρον
1116 2420 1367 2481 ἐνθεῦτεν
1408 2421 1641 2501 ἐγένετο,
1686 2446 1759 2483 ως
1797 2420 1955 2481 αύτοὶ

347 2506 586 2587 λέγουσι
610 2506 874 2585 Κύπριοι·
917 2508 1010 2567 καὶ
1034 2507 1102 2583 rt}
1137 2512 1195 2568 ἐν
1222 2506 1543 2584 Κυθήροισι
1568 2508 1816 2571 Φοίνικές
1844 2514 1955 2569 εἰσι

350 2596 405 2653 οἱ
432 2593 804 2673 ἱδρυσάμενοι,
832 2600 894 2654 ἐκ
923 2593 1127 2672 ταύτης
1158 2599 1263 2671 τῆς
1299 2596 1502 2672 Συρίης
1536 2594 1735 2659 ἐόντες.
1801 2600 1956 2658 τοῖσι

350 2680 410 2741 δὲ
439 2686 550 2742 τῶν
576 2682 832 2747 Σκυθέων
855 2682 1156 2759 συλήσασι
1189 2682 1257 2742 τὸ
1292 2682 1413 2759 ἶρόν
1436 2682 1503 2741 τό
1532 2687 1590 2743 ἐν
1612 2682 1949 2757 Ἀσκάλωνι,

349 2769 444 2828 καὶ
485 2772 640 2829 τοῖσι
680 2768 888 2830 τούτων
933 2771 1042 2830 αἰεὶ
1088 2768 1386 2851 ἐκγόνοισι,
1428 2769 1701 2849 ἐνέσκηψε
1744 2770 1782 2847 ἦ
1830 2771 1957 2836 θεὰς

351 2855 584 2932 θήλειαν
608 2860 834 2917 νοῦσον·
877 2854 1024 2918 ὥστε
1049 2855 1171 2935 ἅμα
1194 2858 1437 2938 λέγουσί
1456 2882 1519 2917 τε
1544 2860 1601 2917 οἶ
1627 2858 1839 2922 Σκύθαι
1864 2859 1957 2920 διὰ

347 2942 517 3003 τοῦτό
555 2947 741 3019 σφεας
779 2944 1012 3016 νοσέειν,
1053 2945 1149 3004 καὶ
1186 2943 1325 3022 ὁρᾶν
1362 2943 1493 3023 παρ’
1534 2948 1791 3007 ἑωυτοῖσι
1827 2947 1957 3010 τοῦς

349 3030 777 3108 ἀπικνεομένους
807 3036 864 3094 ἐς
898 3029 1004 3108 τήν
1036 3032 1315 3108 Σκυθικὴν
1342 3030 1532 3111 χώρην
1564 3032 1636 3096 ὥς
1673 3033 1955 3093 διακέαται

349 3118 481 3181 τούς
515 3118 784 3203 καλέουσι
816 3117 1081 3197 Ἐναρέας
1117 3123 1175 3179 οἱ
1209 3119 1441 3185 Σκύθαι.
1509 3119 1642 3179 Ἐπὶ
1674 3121 1781 3196 μέν
1815 3145 1911 3179 νυν
1932 3120 2047 3179 106

351 3206 496 3268 όκτῶ
521 3207 616 3267 καὶ
640 3207 820 3268 εἴκοσι
845 3207 970 3267 ἔτεα
991 3204 1173 3287 ἦρχον
1188 3212 1293 3283 τῆς
1311 3206 1513 3283 Ἀσίης
1538 3210 1593 3266 οἳ
1613 3204 1840 3275 Σκύθαι,
1861 3206 1957 3264 καὶ

349 3295 426 3357 τοὶ
449 3294 632 3358 πάντα
658 3302 772 3373 σφι
794 3293 905 3357 ύπό
928 3320 993 3355 τε
1016 3292 1217 3372 ὕβριος
1243 3295 1335 3354 καὶ
1352 3293 1647 3374 ὀλιγωρίης
1667 3290 1957 3352 ἀνάστατα
