2267 3517
355 171 634 246 176-181]
803 221 808 226 .
987 177 1309 226 E‘r‘mPnH.
1856 173 1947 226 19⁷

347 251 546 316 ’Ἱώνων
579 256 684 332 μὲν
713 255 852 320 Χίος
887 256 980 316 καὶ
1010 259 1158 322 Τέως
1200 258 1291 317 καὶ
1333 254 1557 317 Φιόκαια
1600 255 1693 314 καὶ
1726 253 1947 325 Κλαζο-

348 342 526 416 μεναί·
582 343 846 419 Δωριέων
872 343 932 404 δὲ
972 344 1165 408 Ῥόδος
1200 346 1291 404 καὶ
1327 343 1532 406 Κνίδος
1565 343 1657 402 καὶ
1686 341 1947 418 Ἀλικαρ-

347 427 562 505 νησσός
604 431 698 490 καὶ
743 430 1017 508 Φάσηλις·
1085 433 1335 492 Αἰολέων
1376 431 1437 490 δὲ
1476 430 1513 506 ἧ
1556 428 1949 506 Μυτιληναίων

345 515 545 594 μούνη.
624 518 834 580 τούτων
883 519 989 596 μέν
1044 525 1169 580 ἐστι
1217 523 1386 580 τοῦτο
1436 517 1503 579 τὸ
1556 519 1798 594 τέμενος,
1853 517 1947 576 καὶ

346 603 670 681 προστάτας
721 609 823 666 τοῦ
876 608 1147 684 ἐμπορίου
1192 603 1356 668 αὗται
1408 607 1468 664 αἶ
1510 604 1679 668 πόλις
1726 603 1836 664 εἶσὶ
1888 606 1948 664 αἱ

347 693 714 772 παρέχουσαι·
783 692 920 756 ὅσαι
961 695 1021 755 δὲ
1065 693 1243 754 ἄλλαι
1292 692 1460 758 πόλις
1508 695 1947 770 μεταποιεῦνται,

349 778 506 841 οὐδέν
531 788 646 859 σφι
669 781 869 859 μετεὸν
903 785 1348 860 μεταποιεῦνται.
1428 781 1595 860 χωρὶς
1620 780 1697 851 δὲ,
1723 783 1947 860 Αἰγινῆ-

346 891 440 927 ται
475 868 560 930 ἐπ’
602 873 816 931 ἑωυτων
859 869 1157 948 ἱδρύσαντο
1196 869 1423 946 τέμενος
1466 868 1619 938 Διος,
1658 867 1751 927 καὶ
1791 864 1941 927 αλλο

349 954 610 1033 Σάμιοι]
611 964 788 1034 Ηρης,
816 959 910 1018 καὶ
934 957 1235 1034 Μιλήσιοι,
1262 956 1641 1020 Ἀπόλλωνος.
1699 953 1821 1015 Ἠν
1848 954 1907 1014 δὲ
1924 955 2038 1016 179

335 1041 413 1102 ’το
438 1044 686 1105 παλαιόν
719 1046 899 1122 μούνη
938 1045 978 1122 ἦ
1010 1044 1331 1123 Ναύκρατις
1368 1041 1651 1122 ἐμπόριον,
1678 1043 1771 1102 καὶ
1795 1041 1945 1101 ἄλλο

335 1128 507 1190 ,ουδὲν
531 1131 840 1213 Αἰγύπτου·
883 1136 931 1194 εἶ
956 1133 1020 1193 δέ
1040 1159 1126 1197 τις
1153 1138 1208 1196 ἐς
1239 1136 1351 1194 τῶν
1375 1157 1433 1192 τι
1468 1129 1618 1218 ἄλλο
1650 1128 1946 1242 στομάτων

347 1220 448 1276 τοῦ
482 1220 696 1279 Νείλου
733 1219 1006 1292 απίκοιτο,
1031 1225 1180 1300 χρῆν
1214 1218 1425 1298 ὀμόσαι
1456 1217 1577 1296 “μη
1614 1220 1717 1296 μὲν
1752 1217 1947 1278 ἑκόντα

351 1304 586 1364 ἐλθεῖν·”
635 1305 1003 1384 ἐπομόσαντα
1039 1308 1116 1379 δὲ,
1149 1313 1223 1388 τῇ
1258 1307 1349 1385 νηι
1389 1306 1529 1387 αὐτῇ
1565 1305 1756 1366 πλέειν
1788 1310 1842 1369 ἐς
1876 1331 1943 1366 το

350 1392 705 1496 Κανωβικόν·
764 1391 803 1470 ἢ
842 1399 893 1456 εἰ
930 1395 1014 1473 μή
1056 1422 1124 1477 γε
1168 1395 1261 1456 οἷοί
1300 1421 1363 1456 τε
1405 1397 1488 1472 ειη
1528 1393 1670 1472 πρός
1710 1393 1946 1470 ἀνέμους

341 1476 566 1544 α’ντίους
599 1482 807 1554 πλέειν,
834 1481 908 1543 τοὶ
945 1484 1157 1562 φορτία
1188 1484 1303 1543 ἔδεε
1331 1482 1613 1564 περιάγειν
1644 1487 1704 1542 ἐν
1739 1480 1946 1558 βαρισι

349 1567 474 1644 περὶ
513 1593 580 1629 το
627 1571 837 1641 Δέλτα,
873 1571 1044 1650 μέχρι
1086 1597 1153 1631 ου
1202 1570 1457 1632 α’πίκοιτο
1504 1576 1561 1634 ἐς
1604 1565 1943 1648 Ναύκρατιν.

293 1725 298 1730 ,
346 1653 486 1715 οὕτω
523 1659 630 1734 μὲν
666 1657 735 1733 δή
767 1657 1086 1737 Ναύκρατις
1112 1659 1415 1738 ἐτετίμητο.
1484 1657 1905 1736 Ἀμφικτυόνων
1923 1657 2038 1716 180

345 1740 405 1800 δὲ
443 1744 853 1820 μισθωσάντων
892 1746 994 1807 τᾶν
1037 1750 1096 1806 ἐν
1140 1750 1430 1820 Δελφοῖσι
1469 1772 1567 1807 νυν
1609 1745 1770 1807 ἐόντα
1808 1771 1943 1822 νηον

340 1834 674 1908 τριηκοσίων
698 1833 989 1896 ταλαντων
1017 1834 1451 1916 ἐξεργάσασθαι·
1492 1834 1526 1896 ὁ
1544 1834 1653 1917 γὰρ
1672 1832 1943 1912 πρότερον

343 1916 447 1978 ἐων
492 1919 687 1983 αὐτόθι
727 1919 1050 1999 αύτομᾶτως
1092 1922 1352 1999 κατεκάη·
1405 1947 1536 1986 τους
1578 1920 1842 1998 Δελφους
1881 1921 1942 1981 δὲ

345 2006 635 2082 ἐπέβαλλε
653 2009 1087 2086 τεταρτημόριον
1103 2035 1205 2070 του
1178 2008 1589 2088 ’μισθωματος
1606 2011 1941 2088 παρασχεῖν·

342 2092 696 2171 πλανώμενοι
721 2095 782 2154 δὲ
808 2097 862 2155 οἶ
883 2098 1108 2174 Δελφοὶ
1132 2097 1263 2174 περὶ
1286 2095 1386 2161 τὰς
1410 2093 1577 2160 πόλις
1604 2095 1941 2167 ἐδωτίναζον,

341 2183 621 2245 ποιεῦντες
645 2181 706 2240 δὲ
731 2185 899 2243 τοῦτο
935 2181 1035 2243 οὖκ
1068 2183 1372 2264 ἐλάχιστον
1414 2183 1477 2253 ἐξ
1498 2182 1783 2266 Αἰγύπτου
1810 2183 1941 2244 ἐνεί-

343 2291 530 2327 καντο·
561 2266 811 2346 Ἀμασις
833 2273 938 2346 μὲν
961 2270 1072 2351 γάρ
1092 2278 1207 2348 σφι
1233 2272 1395 2332 ἔδωκε
1418 2271 1583 2351 χίλια
1601 2270 1941 2349 στυπτηρίης

339 2352 605 2426 τάλαντα,
634 2359 688 2416 οἶ
714 2355 776 2416 δὲ
801 2362 860 2418 ἐν
886 2357 1150 2440 Αἶγύπτω
1175 2358 1443 2423 οἰκέοντες
1458 2357 1737 2436 Ἕλληνες
1762 2359 1942 2420 εἴκοσι

339 2442 524 2514 μνέας.

420 2532 792 2609 Κυρηναίοισι
834 2533 894 2594 δε
925 2533 1177 2612 Ἄμασις
1217 2533 1499 2611 φιλότητά
1536 2561 1599 2596 τε
1640 2534 1733 2594 καὶ
1759 2561 1900 2613 συμ-
1920 2537 2029 2595 181

338 2617 548 2696 μαχίην
574 2620 939 2696 συνεθήκατο·
969 2622 1257 2682 ἐδικαίωσε
1283 2622 1343 2682 δὲ
1369 2623 1461 2682 καὶ
1484 2648 1667 2705 γημαι
1692 2621 1941 2693 αύτόθεν,

340 2703 434 2763 εἴτ’
462 2706 812 2785 ἐπιθυμήσας
836 2707 1169 2786 Ἑλληνίδος
1200 2735 1461 2792 γυναικος
1500 2712 1609 2770 εἴτε
1636 2711 1727 2769 καὶ
1753 2709 1941 2774 ἄλλως

339 2790 645 2870 φιλότητος
679 2797 1008 2874 Κυρηναίων
1045 2797 1245 2858 εἵνεκα·
1284 2822 1482 2878 γαμεει
1518 2796 1564 2856 δ’
1606 2823 1697 2868 ων,
1742 2801 1798 2858 οἱ
1835 2800 1940 2876 μὲν

336 2879 574 2960 λέγουσι
603 2881 844 2955 Βαττεω,
874 2886 928 2944 οἶ
969 2882 1016 2943 δ’
1057 2882 1400 2962 Ἀρκεσίλεω
1444 2886 1737 2967 θυγατερα,
1782 2889 1836 2945 οἱ
1878 2887 1939 2944 δὲ

337 2968 752 3045 Κριτοβούλου,
781 2969 978 3048 α’νδρός
1003 2975 1115 3033 τῶν
1141 2971 1332 3032 ἆστῶν
1357 2972 1603 3050 δοκίμου,
1629 2977 1701 3051 τῇ
1728 2971 1938 3049 οὕνομα

334 3052 407 3129 ἦν
456 3055 692 3136 Ααδίκῃ·
767 3062 838 3138 τῇ
893 3058 1018 3119 ἐπεί
1065 3085 1129 3120 τε
1182 3060 1542 3141 συγκλίνοιτο
1594 3060 1626 3120 ὁ
1671 3058 1934 3136 Ἀμασις,

335 3143 652 3224 μίσγεσθαι
699 3144 800 3205 οὐκ
821 3165 830 3174 ·
848 3145 963 3210 οἷός
1003 3171 1067 3206 τε
1115 3147 1352 3228 ἐγένετο·
1419 3150 1555 3224 τῇσι
1607 3147 1667 3205 δὲ
1718 3145 1937 3224 ἄλλῃσι

334 3232 555 3313 γυναιξὶ
587 3237 811 3313 ἐχρᾶτο·
868 3233 996 3293 ἐπεί
1028 3258 1093 3293 τε
1136 3233 1197 3292 δὲ
1236 3231 1460 3293 πολλᾶν
1498 3235 1665 3292 τοῦτο
1710 3232 1935 3314 ἐγίνετο,

336 3318 460 3380 εἶπε
476 3319 510 3382 ὅ
525 3319 776 3401 Ἀμασις
793 3319 937 3399 πρός
953 3319 1057 3398 τήν
1074 3319 1324 3395 Λαδίκην
1347 3317 1553 3392 ταύτην
1572 3319 1934 3397 καλεομένην·
