2267 3517
375 102 594 167 ιιι-48]
1045 103 1314 153 ΘΔΛΕῙΔ.
1870 104 1969 152 223

376 185 489 244 τῶν
521 179 819 242 κατιόντων
853 179 1094 256 Σαμίων,
1128 178 1327 258 ἐόντων
1358 179 1579 261 ὀλίγων,
1613 181 1979 260 ἑσσωθῆναι.)

380 272 491 330 τῶν
517 267 634 328 δὲ
600 266 692 327 υπ’
716 271 894 346 ἑωυτῷ
919 266 1118 328 ἐόντων
1138 267 1449 378 πολιητέων
1473 266 1546 326 τὰ
1570 267 1736 328 τέκνα
1763 267 1855 326 καὶ
1878 266 1980 332 τὰς

383 359 649 438 γυναῖκας
674 355 706 416 6
734 352 1158 432 Πολυκράτης’
1131 380 1187 418 ες
1214 380 1345 418 τους
1371 354 1697 418 νεωσοίκους
1688 353 1979 466 συνειλή-

385 471 512 514 σας,
558 443 675 524 εἶχε
719 444 986 521 ἑτοίμους,
1027 440 1100 518 ἦν
1145 440 1255 519 ἄρα
1299 442 1605 519 προδιδωσι
1649 440 1804 502 οὗτοι
1841 467 1983 518 προς

381 558 513 595 τους
534 531 840 602 κατιόντας,
856 530 1187 606 υποπρῆσαι
1202 528 1427 590 αυτοῖσι
1443 533 1597 589 τοῖσι
1612 531 1979 590 νεωσοίκοισι.

461 617 630 680 Ἐπεί
658 645 722 680 τε
761 619 822 678 δὲ
861 621 917 678 οἱ
957 616 1349 686 ἐξελασθέντες
1389 617 1614 694 Σαμίων
1650 616 1757 676 ὖπό
1792 622 1980 678 Πολυ-
1998 619 2075 678 46

383 707 611 784 κράτεος
641 706 907 767 οἷπίκοντο
944 709 999 769 ἐς
1032 703 1139 781 τήν
1176 704 1457 781 Σπάρτην,
1485 704 1859 768 καταστάντες
1891 706 1983 765 ἐπὶ

386 820 516 858 τους
543 793 822 874 ἄρχοντας
847 795 1042 874 ἔλεγον
1068 790 1281 861 πολλοὶ,
1310 791 1401 850 οἶα
1428 791 1603 870 κάρτα
1629 792 1895 868 δεόμενοι·
1928 819 1983 852 οι

386 881 450 940 δέ
485 889 597 959 σφι
631 887 703 960 τῇ
744 880 936 960 πρώτῃ
972 878 1319 939 καταστάσει
1352 878 1731 956 ὑπεκρίναντο,
1763 906 1835 939 τα
1876 882 1984 956 μὲν

385 973 578 1046 πρῶτα
603 970 880 1049 λεχθέντα
906 967 1297 1042 ἐπιλεληθέναι
1324 993 1395 1027 τα
1423 965 1540 1026 δὲ”
1507 992 1715 1044 υστερα
1741 965 1805 1026 οὗ
1832 992 1982 1026 συνυ-

389 1057 523 1117 έναι.
591 1083 736 1133 μετα
762 1057 822 1116 δὲ
846 1059 1038 1125 ταῦτα,
1059 1053 1286 1132 δεύτερα
1310 1054 1685 1116 καταστάντες
1706 1052 1855 1112 αλλο
1878 1080 1983 1131 μεν

391 1144 548 1205 εἶπαν
591 1144 762 1215 οὐδὲν,
804 1135 1047 1204 θύλακον
1091 1142 1151 1201 δὲ
1192 1143 1455 1220 φέροντες
1496 1143 1717 1218 ἔφασαν
1755 1141 1855 1201 τόν
1894 1140 1986 1202 θύ-

389 1234 568 1292 λακον
609 1230 863 1308 ἀλφίτων
903 1231 1148 1290 δέεσθαι·
1191 1233 1245 1288 οἱ
1276 1230 1339 1289 δέ
1367 1235 1481 1305 σφι
1515 1227 1873 1306 ὑπεκρίναντο
1906 1233 1985 1308 τῷ

390 1319 615 1398 θυλάκῳ
639 1316 1057 1400 περιεργάσθαι·
1097 1317 1361 1394 βοηθέειν
1388 1316 1434 1376 δ’
1462 1314 1534 1392 ὧν
1566 1316 1716 1386 ἔδοξε
1744 1314 1983 1376 αὐτοῖσι.

389 1407 508 1466 Καὶ
538 1407 726 1466 ἔπειτα
763 1404 1327 1483 παρασκευασάμενοι
1367 1403 1762 1482 ἐστρατεύοντο
1802 1410 1977 1464 Λακε-
1994 1405 2072 1465 47

389 1493 664 1572 δαιμόνιοι
690 1495 781 1554 ἐπὶ
807 1493 1020 1570 Σάμον·
1060 1492 1132 1557 ὥς
1156 1494 1261 1570 μὲν
1286 1492 1489 1571 Σάμιοι
1514 1494 1749 1575 λέγουσι
1776 1490 1985 1572 εὐεργε-

387 1582 516 1646 σίας
543 1582 859 1652 ἐκτίνοντες,
885 1579 974 1642 ὅτι
1001 1587 1114 1657 σφι
1140 1579 1402 1658 πρότεροι
1434 1579 1591 1640 αὐτοὶ
1617 1580 1782 1657 νηυσὶ
1819 1579 1985 1656 ἐβοή-

388 1669 572 1745 θησαν
593 1670 684 1729 ἐπὶ
704 1668 1084 1746 Μεσσηνίους·
1115 1667 1188 1732 ὥς
1212 1669 1272 1728 δὲ
1289 1668 1715 1745 Λακεδαιμόνιοι
1732 1668 1985 1749 λέγουσι,

390 1757 490 1818 οὐκ
525 1757 666 1818 οὕτω
695 1761 1012 1835 τιμωρῆσαι
1045 1755 1359 1833 δεομένοισι
1394 1757 1661 1834 Σαμίοισι
1698 1754 1986 1832 ἐστρατεύ-

391 1870 538 1916 οντο,
583 1844 654 1910 ὥς
698 1845 974 1906 τίσασθαι
1024 1842 1371 1920 βουλόμενοι
1415 1847 1515 1903 τοῦ
1561 1847 1835 1920 κρητῆρος
1885 1846 1988 1918 τῆς

389 1931 646 2013 ἁρπαγῆς
689 1931 790 1993 τὸν
833 1931 976 2014 ἦγον
1024 1931 1273 2011 Κροίσῳ,
1316 1932 1409 1991 καὶ
1452 1934 1551 1991 τοῦ
1599 1929 1844 2006 θώρηκος
1886 1931 1988 1990 τόν

392 2018 614 2079 αὐτοῖσι
628 2018 878 2097 Ἀμασις
899 2019 930 2079 ὁ
951 2018 1239 2100 Αἰγύπτου
1263 2017 1549 2100 βασιλεῦς,
1562 2018 1773 2096 ἔπεμψε
1793 2018 1985 2094 δῶρον·

393 2106 486 2164 καὶ
524 2106 635 2187 γὰρ
672 2107 896 2184 θώρηκα
936 2107 1235 2182 ἐληίσαντο
1275 2110 1352 2185 τῷ
1385 2106 1635 2184 προτέρῳ
1668 2105 1775 2164 ἔτεϊ
1812 2102 1849 2180 ἢ
1888 2103 1989 2164 τόν

394 2197 643 2270 κρητῆρα
678 2195 734 2253 οἱ
769 2192 990 2270 Σάμιοι,
1017 2193 1179 2254 ἐόντα
1212 2196 1315 2271 μὲν
1346 2194 1532 2253 λίνεον
1566 2193 1656 2251 καὶ
1692 2190 1837 2270 ζῴων
1872 2196 1987 2251 ε’νυ-

399 2281 703 2358 φασμένων
761 2285 1000 2360 συχνῶν,
1055 2282 1472 2359 κεκοσμημένον
1530 2280 1590 2339 δὲ
1651 2283 1845 2359 χρυσῷ
1897 2279 1989 2338 καὶ

397 2369 620 2445 εἰρίοισι
654 2367 767 2428 άπό
802 2369 992 2438 ξύλου.
1060 2373 1171 2428 τῶν
1197 2369 1256 2428 δὲ
1292 2368 1471 2442 εἵνεκα
1508 2366 1801 2445 θωυμάσαι
1836 2367 1991 2438 ἄξιον

395 2455 672 2533 ἁρπεδόνη
719 2455 928 2532 ἑκάστη
969 2459 1070 2517 τοῦ
1113 2455 1359 2533 θώρηκος
1409 2456 1602 2515 ποιέει·
1660 2458 1831 2514 ἐοῦσα
1880 2454 1990 2536 ’γὰρ

395 2542 593 2618 λεπτὴ,
623 2545 738 2622 ἔχει
763 2542 1067 2621 ἁρπεδόνας
1102 2547 1163 2603 ἐν
1193 2547 1364 2620 ἑωυτῇ
1388 2543 1710 2619 τριηκοσίας
1744 2542 1836 2601 καὶ
1872 2541 1987 2618 ἑξή-

399 2657 566 2692 κοντα
594 2631 784 2695 πάσας
809 2631 1072 2710 φανεράς.
1139 2634 1389 2695 τοιοῦτος
1416 2630 1598 2709 ἕτερός
1623 2635 1746 2691 ἐστι
1770 2631 1862 2689 καὶ
1890 2629 1991 2691 τᾶν

397 2722 456 2780 ἐν
480 2719 661 2800 Λίνδῳ
687 2719 918 2796 ἀνέθηκε
941 2725 1012 2799 τῇ
1036 2719 1305 2799 Ἀθηναίῃ
1323 2719 1588 2797 Ἀμασις.

478 2807 944 2885 Συνεπελάβοντο
1008 2809 1068 2868 δὲ
1118 2812 1219 2869 τοῦ
1271 2807 1685 2886 στρατεύματος
1740 2811 1842 2867 τοῦ
1898 2807 1989 2867 ἐπὶ
2006 2807 2083 2866 48

399 2894 608 2972 Σάμον,
665 2895 811 2956 ὥστε
861 2897 1142 2977 γενέσθαι,
1198 2921 1291 2955 και
1344 2896 1633 2972 Κορίνθιοι
1676 2893 1987 2970 προθύμως.

388 2982 656 3061 υβρισμα
697 2983 808 3065 γοὶρ
852 2985 944 3044 καὶ
991 2989 1045 3047 ἐς
1086 2981 1316 3046 τούτους
1359 3008 1474 3060 ειχε
1517 2987 1576 3041 ἐκ
1617 3005 1728 3040 των
1768 2981 1990 3055 Σαμίων

395 3072 696 3152 γενόμενον
721 3075 884 3151 ’γενεῇ
909 3069 1182 3148 πρότερον
1204 3074 1306 3130 τοῦ
1338 3068 1749 3146 στρατεύματος
1772 3064 1989 3125 τούτου·

395 3158 565 3242 [κατοὶ
591 3158 660 3236 δή
688 3158 788 3220 τόν
815 3157 984 3218 αύτὸν
1008 3157 1212 3237 χρόνον
1236 3161 1339 3219 τοῦ
1375 3159 1645 3233 κρητῆρος
1668 3155 1739 3230 τῇ
1766 3151 1991 3232 ἁρπαγῇ

393 3247 670 3332 γεγονός]
737 3247 1094 3326 Κερκυραίων
1127 3245 1241 3327 γοὶρ
1278 3243 1480 3305 παῖδας
1516 3239 1865 3318 τριηκοσίους
1898 3237 1991 3301 α’ν-
2074 3276 2203 3288 Α
