2267 3517
319 83 327 88 ·
352 86 569 153 84-88]
923 91 1377 142 ΜΕΛΠΟΜΕΝΗ.
1843 91 1942 144 81⁵

350 167 615 248 ὀργυιέων
669 169 935 249 γίνονται·
996 175 1058 229 ἐκ
1109 170 1171 230 δὲ
1226 173 1338 230 τῶν
1395 168 1684 250 ὀργυιέων,
1709 169 1946 239 τουτέων

352 254 574 315 στάδιοι
620 255 815 316 ἐκατόν
862 256 955 318 καὶ
1000 257 1180 336 χίλιοι
1225 257 1317 316 καὶ
1361 255 1555 334 μύριοί
1590 261 1720 317 εἶσι.
1789 261 1844 321 ἐς
1885 257 1946 317 δὲ

351 341 705 419 Θεμισκύρην
754 341 860 418 τὴν
912 345 1005 404 ἐπὶ
1051 341 1407 420 Θερμώδοντι
1455 348 1690 422 ποταμῷ
1741 349 1802 404 ἐκ
1845 349 1948 421 τῆς

353 429 829 504 Σινδικῆς-κατὰ
852 434 1017 491 τοῦτο
1044 431 1156 513 γάρ
1191 436 1316 492 ἐστι
1345 434 1448 491 τοῦ
1479 430 1702 492 Πόντου
1728 431 1946 508 εὐρύτα-

350 520 693 594 τον-τριῶν
715 543 778 577 τε
802 517 1049 596 ἡμερέων
1074 520 1168 578 καὶ
1194 517 1292 578 δύο
1317 522 1526 579 νυκτῶν
1547 518 1743 582 πλόος·
1783 517 1947 583 αὗται

352 602 413 663 δὲ
449 608 597 680 τρεῖς
633 604 893 684 μυριάδες
931 606 1025 666 καὶ
1061 605 1359 684 τριήκοντα
1390 605 1652 688 ὀργυιέων
1681 607 1946 688 γίνονται,

350 690 573 752 στάδιοι
618 691 679 752 δὲ
724 692 1038 770 τριηκόσιοι
1082 693 1178 753 καὶ
1219 693 1548 774 τρισχίλιοι.
1628 691 1664 754 ὅ
1705 695 1810 770 μέν
1851 719 1948 756 νυν

353 777 574 842 Πόντος
614 777 775 844 οὗτος
814 779 909 840 καὶ
946 777 1246 858 Βόσπορός
1281 805 1345 842 τε
1385 780 1480 840 καὶ
1521 780 1948 855 Ἑλλήσποντος

351 865 495 926 οὕτω
544 867 614 928 τέ
663 891 765 944 μοι
814 869 1201 946 μεμετρέαται,
1244 868 1338 927 καὶ
1389 866 1531 928 κατὰ.
1573 867 1646 928 τοὶ
1692 868 1949 944 εἰρημένα

352 953 691 1034 πεφύκασι.)
767 957 1072 1036 παρέχεται
1122 954 1185 1014 δὲ
1245 954 1339 1014 καὶ
1388 955 1594 1032 λίμνην
1643 954 1678 1015 ὅ
1731 954 1948 1024 Πόντος

352 1065 514 1106 ουτος
552 1041 877 1102 ἐκδιδοῦσαν
915 1048 971 1108 ἐς
1002 1046 1220 1112 εωυτον,
1249 1039 1316 1102 οὗ
1353 1045 1555 1121 πολλῷ
1581 1043 1686 1121 τέῳ
1717 1039 1947 1102 ε’λοίσσω

354 1130 572 1266 {ism-013,
623 1127 665 1204 ἢ
716 1131 961 1205 Μαιῆτίς
1022 1153 1088 1192 τε
1155 1129 1414 1238 καλέεται
1465 1131 1560 1190 καὶ
1608 1129 1792 1208 μήτηρ
1842 1132 1945 1190 τοῦ

346 1251 353 1258 -
415 1233 595 1270 οντου.

451 1297 605 1358 Οδὲ
650 1303 887 1377 Δαρεῖος
926 1323 998 1366 ως
1036 1275 1322 1375 ἐθηήσατο
1360 1295 1461 1358 τᾶν
1498 1293 1736 1369 Πόντον,
1780 1296 1945 1357 ἔπλεε
1962 1297 2035 1358 87

354 1379 540 1444 ὀπίσω
565 1386 658 1446 ἐπὶ
680 1386 786 1462 τήν
807 1388 1061 1469 γέφυραν
1077 1390 1194 1461 τῆς
1197 1384 1577 1464 ἅρχιτέκτων’
1551 1383 1768 1465 εγένετο
1787 1390 1942 1445 Μαν·

353 1468 622 1550 δροκλέης
648 1473 878 1551 Σάμιος·
918 1471 1273 1550 θηησάμενος
1300 1472 1360 1531 δε
1385 1470 1478 1532 καὶ
1498 1470 1599 1532 τᾶν
1628 1469 1944 1550 Βόσπορον,

354 1558 634 1634 στήλας”
604 1586 813 1640 εστησε
843 1560 943 1622 δύο
978 1560 1062 1620 ἐπ’
1090 1559 1237 1638 αυτῷ
1265 1559 1432 1619 λίθου
1455 1561 1728 1628 λευκοῦ,’
1702 1584 1946 1638 ενταμων

351 1645 655 1726 γράμματα
681 1654 737 1713 ἐς
766 1651 871 1726 μὲν
895 1646 1000 1723 τήν
1024 1646 1308 1723 Ἀσσύρια
1331 1651 1385 1709 ἐς
1411 1645 1471 1705 δὲ
1494 1643 1598 1722 τήν
1619 1643 1945 1722 Ἑλληνικαὶ,

354 1733 513 1795 ἔθνεα
545 1735 730 1798 πάντα
766 1735 983 1812 ὅσαπερ
1023 1731 1148 1814 ἦγε·
1187 1733 1293 1814 ἦγε
1329 1731 1390 1792 δὲ
1428 1731 1612 1794 πάντα
1644 1734 1756 1793 τῶν
1785 1733 1946 1812 ἦρχε·

351 1820 560 1883 τούτων
584 1821 844 1901 μυριάδες
870 1814 1340 1898 ἐξηριθμήθησαν,
1356 1820 1525 1898 χωρὶς
1548 1821 1649 1878 τοῦ
1672 1825 1944 1894 ναυτικοῦ,

354 1907 742 1985 ἐβδομήκοντα
781 1909 889 1970 σῦν
924 1912 1178 1969 ἱππεῦσι·
1233 1907 1350 1968 νέες
1389 1905 1450 1964 δὲ
1487 1903 1770 1974 ἑξακόσιαι
1816 1927 1946 1968 συν-

356 1995 693 2073 ελέχθησαν.
729 1999 867 2074 τῇσι
890 1996 995 2072 μέν
1014 2020 1110 2056 νυν
1129 1993 1383 2072 στήλῃσι
1401 1991 1636 2070 ταύτῃσι
1655 1991 1948 2062 Βυζάντιοι

355 2082 684 2157 κομίσαντες
719 2086 775 2146 ἐς
810 2082 916 2158 τήν
940 2082 1111 2144 πόλιν
1136 2081 1372 2160 ὕστερον
1395 2078 1602 2140 τούτων
1628 2077 1945 2158 ἐχρήσαντο

353 2167 495 2244 πρός
526 2169 628 2230 τόν
666 2168 867 2246 βωμόν
908 2174 1010 2246 τῆς
1049 2169 1364 2247 Ὀρθωσίης
1399 2166 1738 2245 Ἀρτέμιδος,
1777 2169 1946 2246 χωρὶς

354 2255 473 2320 ἐνός
498 2257 680 2318 λίθου·
716 2254 878 2321 οὗτος
904 2257 963 2318 δὲ
990 2257 1338 2333 κατελείφθη
1357 2255 1511 2333 παρὰ
1533 2257 1637 2315 τοῦ
1662 2253 1944 2316 Διονύσου

350 2343 452 2404 τᾶν
472 2343 606 2419 νηὸν
630 2349 689 2404 ἐν
714 2344 1011 2424 Βυζαντίῳ,
1035 2342 1377 2426 γραμμάτων
1407 2340 1725 2420 Ἀσσυρίων
1750 2343 1942 2408 πλέος.

351 2434 453 2491 τοῦ
508 2431 569 2490 δὲ
626 2431 929 2507 Βοσπόρου
980 2431 1015 2492 ὁ
1074 2435 1256 2511 χῶρος
1299 2429 1400 2490 τᾶν
1441 2429 1620 2502 ἔζευξε
1665 2430 1943 2507 βασιλεῦς

352 2521 605 2596 Δαρεῖος,
634 2517 707 2582 ὥς
730 2519 854 2597 ἐμοὶ
882 2518 1090 2579 δοκέειν
1114 2517 1590 2596 συμβαλλομένῳ,
1613 2517 1794 2594 μέσον
1819 2517 1940 2578 ἐστὶ

354 2605 655 2676 Βυζαντίου
678 2629 741 2666 τε
767 2606 859 2665 καὶ
882 2609 983 2666 τοῦ
1008 2605 1100 2666 ἐπὶ
1090 2604 1369 2712 “orfitum
1395 2607 1528 2682 ἱροῦ.

434 2695 672 2770 Δαρεῖος
722 2691 782 2752 δὲ
824 2692 969 2770 μετὰ
1010 2695 1206 2765 ταῦτα,
1240 2691 1442 2768 ἡσθεὶς
1472 2696 1544 2771 τῇ
1589 2691 1806 2772 σχεδίῃ,
1843 2718 1943 2754 τον
1958 2694 2035 2752 88

353 2777 714 2860 ἀρχιτέκτονα
754 2779 925 2856 αὐτῆς
956 2779 1332 2857 Μανδροκλέα
1368 2805 1468 2840 τον
1494 2778 1707 2858 Σαμιον
1744 2777 1941 2857 ἐδωρή-

352 2871 498 2928 σατο
537 2893 683 2928 πασι
722 2867 872 2927 δέκα·
913 2865 1009 2926 ἀπ’
1036 2865 1111 2927 ὧν
1146 2867 1214 2944 δὴ
1241 2867 1642 2945 Μανδροκλέης
1679 2865 1942 2944 α’παρχήν

352 2956 466 3026 ζῶα
501 2953 860 3036 γραψαμενος
896 2957 1091 3014 πᾶσαν
1128 2952 1233 3030 τήν
1271 2954 1450 3025 ζεῦξιν
1478 2957 1579 3014 τοῦ
1619 2951 1939 3029 Βοσπόρου,

352 3043 445 3102 καὶ
468 3042 721 3118 βασιλέα
744 3065 807 3100 τε
832 3044 1074 3118 Δαρεῖον
1110 3045 1171 3101 ἐν
1194 3041 1458 3118 προεδρίῃ
1494 3038 1817 3116 κατήμενον,
1845 3039 1938 3098 καὶ

350 3128 452 3190 τόν
486 3126 731 3207 στρατόν
764 3126 937 3188 αὐτοῦ
970 3128 1347 3205 διαβαίνοντα,
1379 3130 1555 3187 ταῦτα
1587 3123 1945 3207 γραφόμενος

352 3215 583 3295 α’νέθηκε
610 3221 664 3280 ἐς
687 3215 755 3277 τὰ
771 3215 1029 3286 ”Humum
1056 3215 1370 3297 ἐπιγράψας
1391 3213 1542 3274 τάδε·

2057 3202 2242 3229 Α*
