2267 3517
363 113 646 176 131—134]
1031 113 1299 164 θΑΛΕῙΔ.
1869 117 1967 165 265

355 221 561 276 γιστον
582 195 698 275 εἶχε
726 195 818 253 καὶ
843 193 1223 271 ὁμοτράπεζος
1242 194 1483 269 βασιλέϊ
1508 193 1775 276 ἐγεγόνεε·
1816 193 1969 270 πλήν

357 308 422 342 τε
456 283 576 346 ἑνός
609 287 709 342 τοῦ
745 287 798 344 ἐς
824 281 1114 357 Ἕλληνας
1150 281 1385 353 οἷπιέναι,
1428 281 1611 341 πάντα
1635 281 1707 341 τοὶ
1725 279 1887 353 ,ἄλλα
1914 284 1967 341 οἳ

357 375 564 448 παρῆν.
647 371 739 430 καὶ
779 373 943 430 τοῦτο
975 372 1080 446 μὲν
1118 369 1249 432 τοῦς
1285 369 1623 450 Αἰγυπτίους
1656 366 1878 446 ἰητρούς
1913 369 1967 428 οἳ

357 459 614 534 βασιλέα
654 457 926 535 πρότερον
969 460 1147 526 ἰῶντο,
1189 457 1507 533 μέλλοντας
1540 456 1967 518 οἷνασκολοπιεῖ-
2020 453 2029 460 ’

359 547 499 607 σθαι
526 545 669 605 διότι
695 544 804 604 ύπό
824 544 1112 619 Ἕλληνος
1140 547 1329 621 ἰητροῦ
1358 543 1714 620 ἑσσώθησαν,
1740 542 1969 608 τούτους

360 633 615 706 βασιλέα
635 631 1126 710 παραιτησάμενος
1154 630 1449 710 ἐρρύσατο·
1488 635 1657 692 τοῦτο
1684 631 1743 690 δὲ
1768 629 1967 707 μάντιν

359 712 593 779 Ἠλεῖον
619 719 976 798 Πολυκράτεϊ
1003 718 1399 795 ἐπισπόμενον,
1424 719 1515 778 καὶ
1532 718 1967 795 ἀπημελημένον

359 811 420 867 ἐν
457 811 612 868 τοῖσι
653 806 1072 884 ἀνδραπόδοισι,
1113 805 1408 884 ἐρρύσατο.
1474 805 1546 882 ἣν
1591 806 1651 866 δὲ
1694 807 1968 889 μέγιστον

359 899 596 972 πρῆγμα
630 895 967 972 Δημοκήδης
1005 894 1161 972 παρὰ
1193 895 1455 970 βασιλέϊ.

439 982 538 1044 Ἐν
563 984 746 1063 χρόνῳ
772 984 832 1042 δὲ
859 982 1034 1062 ὀλίγῳ
1065 981 1209 1059 μετὰ
1236 986 1429 1052 ταῦτα,
1456 981 1590 1043 τάδε
1614 980 1769 1042 ἄλλα
1795 1007 1923 1042 συν·
1944 984 2060 1044 133

357 1069 542 1146 ἤνεικε
581 1071 866 1152 γενέσθαι.
933 1069 1194 1152 ῗΑτόσσῃ
1235 1073 1309 1148 τῇ
1351 1068 1543 1147 Κύρου
1584 1072 1689 1146 μὲν
1730 1070 1967 1151 θυγατρὶ

361 1159 606 1234 Δαρείου
630 1158 690 1218 δὲ
713 1158 934 1239 γυναικὶ
961 1159 1052 1217 ἐπὶ
1082 1163 1187 1217 τοῦ
1211 1161 1435 1234 μαστοῦ
1464 1158 1571 1233 ἔφυ
1600 1160 1781 1233 φῦμα·
1821 1157 1965 1233 μετὰ

361 1245 437 1315 δὲ,
468 1248 698 1327 ἐκραγὲν
727 1247 948 1321 ἐνέμετο
981 1245 1197 1322 πρόσω.
1266 1244 1407 1305 ὅσον
1430 1247 1535 1322 μὲν
1560 1244 1629 1322 δή
1656 1245 1863 1324 χρόνον
1888 1244 1960 1322 ἦν

361 1333 632 1402 ἔλασσον,
665 1333 703 1408 ἤ
737 1333 796 1392 δὲ
838 1333 1163 1410 κρύπτουσα
1204 1333 1297 1392 καὶ
1336 1332 1715 1411 αἰσχυνομένη
1757 1331 1963 1410 ἔφραζε

361 1418 558 1480 οὐδενί·
601 1421 724 1480 ἐπεί
749 1445 814 1480 τε
839 1420 900 1480 δὲ
927 1426 986 1480 ἐν
1010 1424 1158 1499 κακῷ
1178 1419 1269 1496 ἦν,
1294 1421 1691 1499 μετεπέμψατο
1716 1419 1817 1480 τόν
1845 1428 1957 1497 Δη-

357 1507 607 1585 μοκήδεα
649 1509 748 1568 καί
784 1511 839 1568 οἶ
878 1507 1118 1578 ἐπέδεξε·
1168 1507 1201 1568 ὅ
1241 1507 1302 1568 δὲ
1342 1506 1459 1584 φοῖς
1490 1509 1651 1591 ὖγιέα
1685 1507 1961 1584 ποιήσειν,

358 1596 582 1674 ἐξορκοῖ
614 1623 713 1674 μιν
743 1596 781 1672 ἦ
813 1595 931 1673 μήν
962 1599 1015 1655 οἶ
1048 1595 1527 1677 ἀντυπουργήσειν
1554 1598 1764 1673 ἐκείνην
1793 1599 1963 1657 τοῦτο

355 1684 424 1743 τὰ
449 1683 518 1744 ἂν
544 1684 714 1760 ath-57⁸5
740 1684 934 1763 δεηθῇ·
975 1682 1283 1760 δεήσεσθαι
1308 1684 1368 1744 δὲ
1395 1684 1612 1748 ούδενός
1636 1688 1747 1746 τῶν
1766 1683 1878 1745 ὅσα
1906 1689 1962 1748 ἐς

356 1773 628 1851 αἰσχύνην
655 1772 780 1832 ἐστὶ
807 1775 1071 1849 φέροντα.
1137 1770 1237 1835 Ως
1264 1770 1386 1831 δὲ’
1348 1798 1458 1849 αρα
1476 1798 1574 1849 μιν
1589 1797 1733 1849 μετα
1747 1776 1921 1832 ταῦτα
1939 1774 2058 1833 134

357 1859 583 1937 ἰώμενος
621 1861 782 1942 ῦγιέα
822 1859 1070 1930 ἀπέδεξε,
1108 1861 1345 1922 ἐνθαῦτα
1385 1860 1452 1936 δη
1486 1861 1815 1939 διδαχθεῖσα
1848 1860 1963 1922 υπό

355 1953 457 2006 τοῦ
500 1947 930 2024 Δημοκήδεος
891 1974 928 2023 η
957 1947 1242 2020 ”Arno-ca,
1268 1949 1643 2026 προσέφερε’
1618 1975 1675 2008 εν
1700 1952 1774 2026 τῇ
1804 1949 1961 2028 κοίτῃ

305 2033 312 2040 ’
359 2037 576 2113 Δαρείῳ
615 2035 792 2115 λόγον
826 2034 1059 2095 τοιόνδε·
1107 2046 1145 2072 “
1162 2035 1204 2095 ὦ
1240 2038 1509 2112 βασιλεῦ,
1551 2035 1690 2114 ἔχων
1732 2034 1963 2111 δύναμιν

355 2121 638 2198 τοσαύτην
669 2121 910 2198 κάτησαι
949 2122 1077 2183 οὔτε
1102 2149 1159 2183 τι
1186 2125 1342 2187 ἔθνος
1373 2122 1802 2201 προσκτώμενος
1830 2121 1959 2183 οὔτε

357 2208 588 2285 δύναμιν
624 2210 926 2288 Πέρσῃσι;
971 2209 1120 2273 οικός
1150 2211 1215 2270 δέ
1243 2205 1368 2272 ἐστι
1400 2210 1573 2289 ἄνδρα
1602 2211 1693 2270 καὶ
1720 2212 1843 2271 νέον
1868 2211 1961 2270 καὶ

355 2296 658 2376 χρημάτων
688 2298 952 2379 μεγάλων
985 2297 1267 2374 δεσπότην
1298 2301 1608 2374 φαίνεσθαί
1640 2325 1697 2359 τι
1737 2298 1957 2359 οἶποδει-

357 2383 638 2462 κνύμενον,
673 2385 763 2445 ἴνα
800 2385 892 2444 καὶ
922 2387 1149 2464 Περσαι
1189 2386 1543 2463 ἐκμάθωσι
1510 2413 1597 2448 οτι
1630 2385 1723 2446 ὕπ’
1760 2387 1959 2466 ἅνδρὸς

355 2470 646 2550 ἄρχονται.
713 2472 798 2533 ἐπ’
825 2472 1120 2551 οἷμφότερα
1148 2474 1211 2533 δέ
1231 2501 1320 2534 τοι
1346 2476 1507 2553 φέρει
1531 2478 1707 2535 ταῦτα
1732 2501 1956 2547 ποιεειν,

357 2562 450 2619 καὶ
482 2561 572 2622 ἵνα
601 2562 794 2637 σφέων
835 2563 1059 2639 Πέρσαι
1096 2562 1459 2624 ἐπιστέωνται
1490 2562 1663 2642 ἄνδρα
1696 2563 1833 2624 εἶναι
1857 2564 1958 2624 τόν

355 2653 727 2726 προεστεῶτα,
748 2649 839 2708 καὶ
868 2649 956 2710 ἵνα
979 2651 1285 2727 τρίβωνται
1310 2653 1541 2732 πολέμῳ
1565 2653 1707 2729 μηδὲ
1732 2652 1959 2732 σχολήν

355 2735 583 2816 ἄγοντες
616 2737 1034 2813 ἐπιβουλεύωσί
1065 2765 1175 2798 τοι.
1244 2743 1343 2800 νῦν
1371 2739 1483 2821 γοῖρ
1521 2739 1590 2800 ἄν
1614 2765 1671 2800 τι
1699 2741 1791 2800 καὶ
1816 2740 1955 2800 ἄπο-

353 2823 540 2893 δέξαιο
579 2825 758 2906 ἔργον,
785 2825 884 2888 ἕως
915 2826 1036 2888 νέος
1073 2826 1152 2890 εἷς
1186 2826 1430 2904 ἡλικίην·
1472 2827 1821 2907 αὐξανομένῳ
1845 2827 1956 2909 γὰρ

352 2915 432 2991 τῷ
470 2911 691 2989 σώματι
731 2913 1100 2983 συναύξονται
1139 2914 1233 2974 καὶ
1268 2919 1326 2974 αἱ
1366 2917 1579 2993 φρένες,
1610 2915 1957 2996 ’γηράσκοντι

354 3000 415 3058 δὲ
441 2999 908 3081 συγγηράσκουσι
935 3001 1026 3059 καὶ
1052 3007 1108 3065 ἐς
1131 3001 1205 3061 τὰ
1228 3002 1533 3084 πρήγματα
1562 3002 1747 3062 πάντα
1772 3001 1956 3078 οἷπαμ-
2013 2996 2018 3001 ’

351 3087 713 3163 βλύνονται.”
778 3088 817 3164 ἦ
848 3091 952 3166 μὲν
978 3088 1046 3164 δὴ
1082 3093 1260 3148 ταῦτα
1286 3095 1346 3148 ἐκ
1372 3091 1599 3170 διδαχῆς
1629 3092 1804 3171 ἔλεγε·
1846 3089 1877 3149 ὁ
1905 3088 1953 3148 δ’
2010 3147 2020 3154 ,

353 3173 654 3253 ἀμείβεται
682 3177 894 3237 τοῖσδε·
939 3185 975 3212 “
991 3175 1034 3234 ὦ
1067 3175 1246 3257 γύναι,
1280 3176 1464 3237 πάντα
1500 3177 1612 3237 ὅσα
1648 3202 1755 3252 περ
1791 3175 1957 3240 αύτός

355 3266 582 3326 ἐπινοέω
606 3263 868 3340 ποιήσειν
887 3265 1124 3341 εἴρηκας·
1154 3264 1263 3340 ἐγώ
1286 3264 1397 3336 γοὶρ
1412 3262 1817 3339 βεβούλευμαι,
1839 3263 1956 3334 ζεύ-
