2267 3517
357 124 420 171 36
968 124 1334 173 ΉΡοΔοτοτ
1886 122 1953 188 [1.

357 202 549 278 Μῆδοι
589 202 714 263 ἐπεί
745 228 810 263 τε
849 202 993 263 εἶδον
1031 202 1202 263 νύκτα
1241 202 1365 263 ἀντὶ
1402 203 1613 281 ἤμέρης
1640 204 1953 284 γινομένην,

351 293 454 365 τῆς
482 290 670 369 μάχης·
705 316 770 351 τε
804 290 1138 361 ἐπαύσαντο,
1180 291 1274 350 καὶ
1310 290 1537 367 μᾶλλόν
1574 316 1630 350 τι
1672 292 1958 353 ἔσπευσαν

353 378 448 437 καὶ
496 378 810 457 ἀμφότεροι
862 378 1080 456 εἰρήνην
1126 381 1381 439 ἑωυτοῖσι
1428 379 1714 460 γενέσθαι.
1796 383 1852 440 οἰ
1894 380 1957 440 δὲ

353 465 829 543 συμβιβάσαντες
869 464 1070 529 αὐτοῦς
1107 465 1260 543 ἦσαν
1301 466 1435 526 οἵδε·
1490 466 1783 531 Συέννεσίς
1820 493 1884 527 τε
1920 467 1955 528 ὁ

353 554 532 624 Κίλιξ
553 556 647 614 καὶ
674 553 1010 631 Λαβύνητος
1039 553 1072 613 ὁ
1099 552 1483 630 Βαβυλώνιος·
1524 550 1685 613 οὗτοί
1711 560 1826 630 σφι
1860 557 1954 616 καὶ

351 640 419 701 τό
453 641 642 719 ὅρκιον
672 646 728 702 οἶ
763 642 1111 705 σπεύσαντες
1142 642 1409 723 γενέσθαι
1444 640 1595 717 ἦσαν
1631 641 1723 701 καὶ
1757 641 1953 723 γάμων

350 729 682 811 ἐπαλλαγὴν
703 730 993 805 ἐποίησαν·
1023 728 1336 789 Ἀλυάττεα
1360 728 1471 810 γσῖρ
1494 730 1742 810 ἔγνωσαν
1762 730 1952 791 δοῦναι

349 815 455 892 τήν
470 818 748 898 θυγατέρα
763 816 1025 895 Ἀρύηνιν
1037 815 1339 898 Ἀστυάγεϊ
1355 820 1433 895 τῷ
1453 816 1755 895 Κυαξάρεω
1774 819 1950 879 παιδί.

349 902 480 963 ἄνευ
501 904 614 985 γάρ
640 904 942 986 ἀναγκαίης
973 908 1212 984 ἰσχυρῆς
1245 902 1568 981 συμβάσιες
1596 905 1822 983 ἰσχυραὶ
1848 904 1950 966 οῦκ

349 992 614 1053 ἐθέλουσι
657 993 977 1071 συμμένειν.
1058 991 1221 1070 ὅρκια
1266 992 1327 1051 δὲ
1370 992 1617 1051 ποιέεται
1660 996 1835 1053 ταῦτα
1874 993 1949 1054 ‘rol

349 1080 507 1141 ἔθνεα
530 1080 603 1141 τά
625 1107 733 1160 περ
758 1107 822 1141 τε
842 1076 1142 1157 Ἕλληνες·
1184 1080 1278 1139 καὶ
1308 1078 1451 1156 πρός
1485 1078 1752 1149 τούτοισι,
1782 1080 1949 1143 ἐπεὰν

343 1167 475 1232 τούς
510 1171 820 1249 βραχίονας
855 1168 1229 1246 ἐπιτάμωνται
1269 1172 1325 1231 ἐς
1362 1166 1467 1243 τήν
1504 1166 1847 1247 όμοχροιΐην,
1876 1169 1946 1231 τό

347 1256 488 1333 αἷμα
511 1256 876 1337 ἀναλείχουσι
900 1256 1189 1333 ἀλλήλων.

252 1342 330 1405 75
428 1347 640 1404 Τοῦτον
663 1344 732 1420 δὴ
761 1343 837 1404 ὧν
860 1342 961 1404 τὸν
984 1341 1305 1425 Ἀστυάγεα
1330 1344 1533 1420 Κῦρος,
1556 1341 1717 1403 ἐόντα
1745 1347 1945 1405 ἑωυτοῦ

345 1432 762 1510 μητροπάτορα,
795 1430 1323 1509 καταστρεψάμενος
1359 1431 1493 1509 ἔσχε
1528 1429 1595 1491 δι’
1631 1433 1810 1507 αἰτίην
1841 1433 1947 1509 τήν

347 1519 455 1600 ἐγώ
493 1524 552 1580 ἐν
577 1524 739 1583 τοῖσι
773 1518 958 1579 ὀπίσω
993 1518 1224 1600 λόγοισι
1263 1518 1543 1595 σημανέω·
1583 1518 1655 1579 τοὶ
1695 1524 1947 1595 Κροῖσος

346 1608 799 1685 ἐπιμεμφόμενος
822 1612 900 1687 τῷ
926 1605 1110 1685 Κύρῳ,
1133 1607 1188 1670 ἔς
1211 1630 1275 1667 τε
1298 1605 1371 1665 τοὶ
1389 1606 1709 1685 χρηστήρια
1735 1609 1948 1685 ἔπεμπε

345 1699 395 1755 εἰ
427 1695 797 1773 στρατεύηται
839 1696 930 1755 ἐπὶ
964 1696 1211 1771 Πέρσας,
1245 1694 1340 1755 καὶ
1378 1693 1448 1770 δη
1482 1694 1574 1753 καὶ
1607 1693 1945 1773 ἀπικομένου

342 1788 608 1863 χρησμοῦ
629 1784 906 1862 κιβδήλου
928 1783 1169 1847 ἐλπίσας
1186 1781 1329 1860 πρὸς
1348 1785 1548 1842 ἑωυτοῦ
1564 1782 1664 1844 τᾶν
1680 1786 1945 1862 χρησμόν

343 1872 501 1943 εἶναι,
536 1871 896 1949 ἐστρατεύετο
937 1876 992 1935 ἐς
1029 1869 1134 1947 τήν
1166 1871 1434 1949 Περσέων
1467 1872 1689 1948 μοῖραν.
1772 1872 1845 1935 ὥς
1882 1874 1943 1934 δὲ

333 1958 576 2021 ὀἷπίκετο
600 1962 691 2021 ἐπὶ
714 1959 815 2021 τᾶν
828 1959 1010 2020 Ἀλυν
1035 1958 1292 2036 ποταμόν
1317 1958 1349 2018 ὁ
1376 1962 1643 2036 Κροῖσος,
1669 1957 1735 2018 τό
1762 1961 1941 2019 ἐνθεῦ-

339 2075 449 2121 τεν,
493 2048 564 2114 ὥς
604 2052 710 2127 μὲν
749 2047 859 2132 ἐγώ
902 2048 1070 2130 λέγω,
1111 2045 1255 2109 καταῖ
1300 2045 1401 2110 τοὶς
1447 2045 1649 2110 ἐούσας
1690 2046 1941 2128 γεφύρας

339 2138 644 2214 διεβίβασε
673 2138 774 2199 τόν
799 2135 1060 2214 στρατόν·
1102 2133 1177 2199 ὥς
1210 2135 1271 2195 δὲ
1300 2134 1333 2195 ό
1366 2133 1585 2197 πολλός
1614 2134 1786 2215 λόγος
1810 2134 1941 2195 Ἑλ-

341 2225 541 2300 λήνων,
561 2230 755 2302 Θαλῆς
775 2228 830 2285 οἱ
854 2225 888 2285 ὅ
909 2222 1200 2299 Μιλήσιος
1224 2222 1547 2299 διεβίβασε.
1608 2220 1941 2299 ἀπορέοντος

339 2312 450 2393 γσῖρ
497 2313 753 2389 Κροίσου
797 2310 936 2374 ὅκως
983 2314 1037 2369 οῖ
1083 2310 1421 2387 διαβήσεται
1465 2308 1568 2370 τᾶν
1611 2308 1867 2387 ποταμόν
1905 2310 1940 2372 ὅ

340 2398 600 2475 στρατός,
626 2398 716 2478 (οὗ
741 2398 850 2480 γὰρ
877 2396 945 2472 δὴ
980 2396 1124 2457 εἶναί
1153 2423 1229 2455 κω
1259 2401 1458 2457 τοῦτον
1482 2397 1581 2457 τόν
1606 2396 1811 2476 χρόνον
1839 2398 1941 2462 τοῖς

338 2485 588 2567 γεφύρας
611 2485 854 2566 ταύτας,)
881 2484 1106 2563 λέγεται
1129 2482 1409 2561 παρεόντα
1431 2483 1533 2543 τὸν
1556 2488 1754 2559 Θαλῆν
1782 2490 1840 2545 ἐν
1864 2491 1942 2565 τῷ

339 2575 716 2653 στρατοπέδῳ,
736 2576 974 2649 ποιῆσαι
999 2570 1147 2649 αὐτῷ
1164 2571 1263 2631 τὸν
1282 2570 1538 2647 ποταμὸν
1559 2570 1621 2639 ἐξ
1643 2570 1941 2650 ἀριστερῆς

337 2661 522 2741 χειρός
547 2661 746 2738 ῥέοντα
771 2664 872 2721 τοῦ
898 2662 1146 2737 στρατοῦ
1172 2658 1265 2717 καὶ
1289 2662 1351 2717 ἐκ
1372 2658 1552 2733 δεξιῆς
1576 2657 1739 2735 ῥέειν·
1780 2667 1941 2737 ποιῆ-

337 2772 441 2806 σαι
485 2749 546 2808 δὲ
599 2746 721 2808 ὦδε·
776 2746 982 2809 ἄνωθεν
1032 2750 1133 2806 τοΰ
1180 2745 1567 2823 στρατοπέδου
1616 2743 1938 2824 ἀρξάμενον,

338 2834 579 2915 διώρυχα
601 2836 822 2913 βαθέην
845 2833 1112 2912 ὀρύσσειν
1140 2832 1349 2915 ἄγοντα
1372 2834 1681 2911 μηνοειδέα,
1709 2833 1849 2899 ὅκως
1873 2835 1941 2897 ἂν

335 2920 404 2983 τὸ
440 2923 820 2999 στρατόπεδον
853 2923 1140 3000 ἱδρυμένον
1173 2919 1314 2983 κατὰ
1349 2919 1522 2982 νώτου
1551 2920 1733 2998 λάβοι
1767 2923 1940 3002 ταύτῃ

339 3010 480 3072 κατὰ
529 3010 634 3088 τὴν
679 3011 920 3091 διώρυχα
973 3008 1379 3088 ἐκτραπόμενος
1431 3015 1491 3069 ἐκ
1542 3013 1653 3070 τῶν
1697 3009 1941 3088 ἀρχαίων

335 3099 588 3176 ῥεέθρων,
618 3099 711 3159 καὶ
747 3097 901 3162 αὖτις
933 3097 1423 3175 παραμειβόμενος
1453 3096 1521 3158 τό
1557 3096 1939 3176 στρατόπεδον

340 3191 396 3249 ἐς
426 3187 497 3248 w)
529 3186 737 3267 οἷρχαῖα
769 3184 1074 3262 ἐσβάλλοι·
1117 3184 1281 3256 ὥστε,
1310 3187 1433 3245 ἐπεί
1462 3212 1525 3246 τε
1563 3187 1656 3243 καὶ
1691 3184 1938 3262 ἐσχίσθη

334 3272 579 3354 τάχιστα
603 3276 637 3337 ὁ
663 3273 934 3353 ποταμός,
959 3272 1256 3353 ἀμφοτέρῃ
1283 3271 1555 3350 διαβατὸς
1583 3272 1819 3354 ἐγένετο.
1883 3272 1939 3329 οἱ
