2267 3517
330 125 549 190 80-83]
803 135 809 139 ·
909 111 1360 178 ΜΕΔΠΟΜΕΝΗ.
1833 126 1930 173 313

334 203 427 261 καὶ
454 203 695 283 ὀλίγους,
725 204 795 267 ὥς
821 202 1038 268 Σκύθας
1074 204 1230 264 εἶναι.
1309 203 1545 264 τοσόνδε
1574 205 1765 280 μέντοι
1799 203 1931 263 ‹in-6-

335 289 538 364 φαινόν
584 315 683 366 μοι
727 295 781 353 ἐς
826 289 973 367 ὄψιν·
1024 291 1148 351 ἔστι
1189 291 1398 366 μεταξι)
1445 290 1824 367 Βορυσθένεός
1866 316 1931 350 τε

334 380 593 453 ποταμοῦ
647 377 738 436 καὶ
789 376 1049 440 Ὑπάνιος
1100 382 1298 456 χῶρος,
1342 376 1553 453 οὔνομα
1599 377 1661 437 δέ
1705 377 1765 436 οἵ
1805 382 1930 436 ἐστι

334 463 695 541 Ἐξαμπαῖος·
736 469 837 524 τοῦ
864 466 957 525 καὶ
980 465 1155 545 ὀλίγῳ
1177 490 1235 524 τι
1258 464 1530 541 πρότερον
1560 463 1765 524 τούτων
1793 463 1929 540 μνή-

333 577 449 628 μην
489 552 657 630 εἶχον,
688 550 935 628 φάμενος
976 556 1035 611 ἐν
1074 551 1222 630 αὐτῷ
1260 551 1464 628 κρήνην
1502 549 1927 627 ὕδατος,πικροΰ

338 639 497 709 εἶναι,
533 638 628 699 ἀπ’
663 637 730 715 ἧς
755 639 821 699 τό
849 639 990 716 ὕδωρ
1027 638 1305 716 ἀπορρέον
1329 638 1430 699 τόν
1459 636 1698 698 ’Υπανιν
1721 637 1933 698 ἄποτον

334 727 561 786 ποιέειν.
618 731 676 786 ἐν
700 726 876 806 τούτῳ
900 731 977 805 τῷ
1000 726 1164 806 χώρῳ
1191 727 1369 786 κέεται
1394 725 1685 803 χαλκήϊον,
1701 724 1934 806 μεγάθεΐ

337 815 430 873 καὶ
451 815 795 890 ἑξαπλήσιον
809 818 909 874 τοῦ
930 814 1020 874 ἐπὶ
1037 814 1279 889 στόματι
1291 817 1390 872 τοῦ
1408 812 1630 872 Πόντου
1646 817 1931 888 κρητῆρος,

335 901 435 961 τᾶν
476 902 804 978 Παυσανίης
844 900 876 981 ὁ
918 900 1334 979 Κλεομβρότου
1373 900 1622 975 ἀνέθηκε·
1663 899 1726 962 ὃς
1757 900 1817 958 δὲ
1849 900 1932 976 μὴ

338 987 451 1048 εἶδέ
468 1014 544 1048 κω
561 993 775 1063 τοῦτον,
795 987 899 1048 ὦδε
918 989 1174 1064 δηλώσω·
1203 988 1522 1058 ἑξακοσίους
1547 985 1835 1063 ἀμφορέας
1851 988 1933 1046 εὖ·

336 1076 543 1139 πετέως
566 1078 761 1154 χωρέει
786 1076 852 1136 τὰ
880 1081 939 1137 ἐν
964 1075 1218 1154 Σκύθῃσι
1243 1074 1535 1153 χαλκήϊον.
1575 1073 1757 1152 πάχος
1782 1074 1842 1133 δὲ
1860 1074 1926 1134 vd

270 1185 284 1192 ‘
342 1162 613 1226 Σκυθικὸν
638 1168 803 1224 τοῦτο
822 1163 1097 1242 χαλκήῖόν
1119 1169 1242 1222 ἐστι
1261 1162 1545 1222 δακτύλων
1567 1162 1644 1230 ἔξ·
1672 1166 1837 1221 τοῦτο
1859 1160 1933 1221 ὦν

341 1249 535 1329 ἔλεγον
554 1253 607 1309 οἱ
628 1250 911 1328 ἐπιχώριοι
926 1249 1039 1310 dard
1059 1249 1259 1327 οἷρδίων
1276 1249 1557 1329 γενέσθαι·
1584 1248 1934 1325 βουλόμενον

339 1336 451 1416 γοὶρ
467 1337 565 1396 τόν
581 1339 859 1414 σφέτερον
873 1337 1143 1414 βασιλέα,
1153 1341 1230 1415 τῷ
1245 1336 1453 1412 οὕνομα
1470 1336 1608 1396 εἶναι
1620 1335 1931 1412 Ἀριαντιὶν,

341 1427 539 1484 τοῦτον
566 1425 762 1484 εἰδέναι
786 1424 852 1484 vd
878 1425 1097 1500 πλῆθος
1120 1429 1230 1484 τῶν
1267 1424 1534 1493 Σκυθέων,
1565 1423 1805 1483 κελεύειν
1837 1450 1934 1502 μιν

340 1510 552 1576 πάντας
579 1512 795 1577 Σκύθας
822 1511 978 1589 ἄρδιν
1015 1511 1253 1572 ἕκαστον
1287 1513 1421 1588 μίαν
1455 1511 1566 1571 άπὸ
1602 1515 1703 1571 τοῦ
1737 1510 1934 1572 ὀϊστοῦ

342 1600 591 1674 κομίσαι·
620 1599 680 1664 ὃς
706 1599 751 1659 δ’
779 1599 847 1660 ἂν
872 1598 952 1676 μή
980 1600 1208 1677 κομίσῃ,
1238 1600 1476 1660 θάνατον
1501 1597 1744 1658 ἀπείλεε·
1779 1625 1933 1674 κομι-

342 1687 553 1762 σθῆναί
571 1713 633 1747 τε
660 1687 728 1763 δή
754 1691 949 1766 χρῆμα
972 1686 1198 1747 πολλόν
1223 1685 1438 1762 ἀρδίων,
1468 1688 1566 1748 καί
1597 1690 1652 1746 οἱ
1688 1685 1843 1756 δόξαι
1875 1687 1937 1758 ἐξ

342 1773 546 1834 αὐτέων
570 1774 933 1852 μνημόσυνον
957 1773 1260 1848 ποιήσαντι
1285 1774 1572 1833 λιπέσθαι·
1615 1779 1676 1833 ἐκ
1699 1774 1935 1835 τουτέων

342 1860 412 1936 δή
434 1887 532 1936 μιν
557 1863 624 1922 vd
654 1861 929 1941 χαλκήϊον
958 1865 1198 1936 ποιῆσαι
1227 1864 1409 1932 τοῦτο,
1441 1861 1531 1918 καὶ
1569 1860 1850 1920 ἀναθεῖναι
1876 1865 1931 1924 ἐς

340 1948 440 2008 τόν
462 1949 809 2024 Ἐξαμπαῖον
831 1953 1047 2008 τοῦτον.
1114 1951 1290 2007 ταῦτα
1316 1946 1384 2022 δή
1410 1948 1538 2022 περὶ
1562 1951 1662 2007 τοῦ
1687 1946 1936 2022 πλήθεος

341 2038 440 2092 τοῦ
484 2035 738 2099 Σκυθέων
776 2033 996 2110 ἤκουον.
1078 2033 1386 2111 Θωυμάσια
1425 2033 1486 2092 δὲ
1524 2033 1564 2107 ἦ
1601 2032 1756 2112 χώρη
1796 2032 1934 2110 αὕτη
1951 2039 2027 2094 82

345 2119 446 2179 οὔκ
475 2123 605 2199 ἔχει,
632 2122 801 2201 χωρὶς
823 2120 861 2197 ἢ
888 2123 974 2181 ὅτι
998 2121 1283 2199 ποταμούς
1306 2146 1368 2182 τε
1391 2123 1592 2199 πολλῷ
1615 2122 1929 2200 μεγίστους,

344 2208 437 2266 καὶ
463 2207 701 2284 α’ριθμὸν
724 2211 1042 2273 πλείστους·
1085 2209 1118 2269 ὃ
1147 2210 1206 2268 δὲ
1232 2207 1637 2285 άποθωυμάσαι
1663 2206 1818 2277 ἄξιον
1843 2211 1934 2269 καὶ

341 2293 519 2372 πάρεξ
558 2299 667 2356 τῶν
706 2300 973 2373 ποταμῶν
1015 2297 1107 2355 καὶ
1147 2301 1248 2356 τοῦ
1291 2295 1566 2375 μεγάθεος
1602 2298 1704 2354 τοῦ
1743 2295 1934 2358 πεδίου

340 2383 659 2460 παρέχεται,
704 2383 1002 2460 εἰρήσεται·
1043 2385 1198 2462 ’ίχνος
1234 2383 1545 2460 Ἡρακλέος
1585 2383 1851 2458 φαίνουσι
1875 2389 1934 2444 ἐν

342 2470 519 2546 πέτρῃ
555 2469 719 2542 ε’νεόν,
748 2471 815 2530 τό
853 2470 969 2530 οἶκε
1002 2473 1106 2548 μὲν
1137 2470 1356 2547 βήματι
1387 2469 1600 2547 ἄνδρας,
1629 2471 1749 2530 ἔστι
1775 2471 1835 2530 δὲ
1866 2471 1934 2532 τὰ

340 2557 585 2636 μέγαθος
624 2557 847 2636 δίπηχυ,
873 2558 1026 2634 παρα
1059 2558 1158 2618 τόν
1192 2558 1377 2634 Τύρην
1415 2557 1687 2634 ποταμόν.
1767 2562 1934 2618 τοῦτο

340 2643 445 2719 μέν
470 2669 567 2703 νυν
596 2644 817 2703 τοιοῦτό
853 2649 996 2706 ἐστι.
1078 2644 1446 2723 ἀναβήσομαι
1485 2645 1545 2704 δὲ
1585 2648 1641 2708 ἐς
1677 2643 1776 2706 τόν
1815 2644 1934 2705 κατ’

341 2727 519 2809 ἆρχοὶς
541 2729 639 2807 ἤϊα
662 2732 838 2800 λέξων
862 2731 1051 2812 λόγον.

423 2819 997 2896 Παρασκευαζομένου
1033 2819 1274 2896 Δαρείου
1311 2820 1402 2880 ἐπὶ
1435 2819 1564 2884 τοῦς
1589 2818 1822 2894 Σκύθας,
1845 2820 1936 2879 καὶ
1953 2821 2028 2878 83

342 2906 752 2983 ἐπιπέμποντος
780 2905 1056 2986 ἀγγέλους
1086 2907 1444 2976 ἐπιτάξοντας
1467 2912 1621 2968 τοῖσι
1642 2910 1746 2984 μὲν
1769 2907 1934 2977 πεζόν

342 2993 590 3070 στρατόν
628 2997 782 3052 τοῖσι
822 2993 883 3052 δὲ
924 2994 1049 3058 νέας
1086 2996 1352 3074 παρέχειν
1384 2999 1538 3056 τοῖσι
1568 2995 1628 3054 δὲ
1654 2992 1936 3073 ζευγνύναι

340 3079 439 3139 τόν
465 3081 726 3157 Θρηΐκιον
752 3081 1071 3158 Βόσπορον,
1104 3079 1455 3158 Ἀρτάβανος
1493 3080 1527 3140 ὅ
1566 3079 1933 3150 Ὑστάσπεος,

342 3165 621 3244 ἅδελφεός
646 3168 747 3228 έών
776 3170 1035 3245 Δαρείου,
1064 3169 1259 3248 ἔχρῃζε
1283 3169 1548 3245 μηδαμῶς
1574 3166 1740 3226 αὐτὸν
1767 3193 1936 3244 στρα-

338 3255 502 3332 τηίην
527 3258 619 3316 ἐπὶ
644 3255 864 3322 Σκύθας
888 3256 1199 3324 ποιέεσθαι,
1217 3255 1536 3334 καταλέγων
1553 3258 1663 3314 τῶν
1682 3253 1936 3318 Σκυθέων

487 3343 557 3388 ‘25‘
