2267 3517
338 147 625 212 200-204]
1025 128 1252 197 ΚΔΕΙΏ.
1851 146 1944 195 101

337 225 411 287 τὰ
436 225 621 287 πάντα
649 223 805 300 πλὴν
830 224 951 289 ἑνός
984 229 1038 288 ἐς
1071 223 1205 284 ἕλεά
1233 250 1297 284 τε
1331 223 1424 284 καὶ
1453 222 1689 304 τενάγεα
1721 224 1943 285 ἐκδιδοῖ·

340 318 399 373 ἐν
417 316 571 373 τοῖσι
590 311 912 390 ἀνθρώπους
931 313 1312 372 κατοικεῖσθαι
1332 313 1570 392 λέγουσι
1590 312 1746 391 ἰχθῦς
1767 311 1946 389 ὤμοῧς

339 401 708 478 σιτεομένους,
738 402 937 477 ἐσθῆτι
962 400 1023 460 δὲ
1052 400 1379 477 νομίζοντας
1418 401 1670 478 χρᾶσθαι
1714 400 1940 477 φωκέων

338 488 595 566 δέρμασι·
636 488 703 550 τὸ
745 488 805 547 δὲ
833 488 891 549 ἓν
930 491 1041 548 τῶν
1067 487 1365 564 στομάτων
1404 492 1504 547 τοῦ
1544 486 1790 565 Ἀράξεω
1827 490 1941 567 ῥέει

338 576 431 636 διὰ
456 578 701 653 καθαροῦ
729 582 786 640 ἐς
808 575 914 654 τὴν
939 576 1212 652 Κασπίην
1239 574 1561 637 θάλασσαν.

299 683 333 715 s

334 752 627 835 μίσγουσα
651 756 723 832 τῇ
750 754 907 833 ἑτέρῃ
934 750 1226 830 θαλάσσῃ·
1283 750 1389 827 τὴν
1412 753 1516 829 μὲν
1540 752 1650 833 γὰρ
1666 751 1944 829 Ἕλληνες

334 840 731 901 ναυτίλλονται
755 845 966 913 πᾶσαν,
994 840 1088 899 καὶ
1113 839 1152 915 ἡ
1179 840 1282 910 ἔξω
1310 840 1565 916 στηλέων
1601 839 1874 901 θάλασσα
1897 840 1939 917 η’

332 925 631 992 Ἀτλαντὶς
675 929 1001 1005 καλεομένη,
1045 928 1139 987 καὶ
1177 927 1218 1004 ἤ
1257 926 1518 1005 Ἐρυθρὴ,
1545 927 1649 1004 μία
1676 926 1940 1009 τυγχάνει

334 1018 531 1077 ἐοῦσα·
572 1015 611 1092 ἦ
645 1016 707 1077 δὲ
748 1016 986 1093 Κασπίη
1029 1017 1153 1076 ἔστι
1195 1015 1354 1092 ἑτέρη
1390 1014 1474 1074 ἐπ’
1509 1018 1728 1091 ἑωυτῆς,
1769 1018 1941 1077 ἐοῦσα

328 1107 515 1182 μῆκος
563 1106 669 1181 μὲν
719 1103 904 1165 πλόου
956 1104 1167 1183 εἰρεσίῃ
1216 1103 1508 1182 χρεωμένῳ
1552 1102 1940 1163 πεντεκαίδεκα

264 1216 275 1225 ·
327 1190 600 1268 ἡμερέων,
648 1190 805 1271 εὖρος
846 1192 907 1251 δὲ
950 1196 1023 1271 τῇ
1072 1191 1340 1270 εὐρυτάτη
1387 1192 1510 1251 ἐστὶ
1555 1189 1696 1266 αὐτὴ
1743 1193 1942 1267 ἑωυτῆς

328 1277 483 1340 σ’κτῶ
507 1278 772 1355 ἤμερέων.
812 1278 905 1339 καὶ
924 1281 995 1339 τοὶ
1020 1282 1124 1358 μὲν
1145 1278 1286 1357 πρὸς
1309 1278 1412 1355 τὴν
1433 1278 1676 1357 ἑσπέρην
1695 1278 1942 1356 φέροντα

328 1370 441 1443 τῆς
482 1366 784 1444 θαλάσσης
822 1368 1027 1445 ταύτης
1062 1368 1098 1428 ὅ
1141 1367 1444 1431 Καύκασος
1479 1367 1810 1445 παρατείνει,
1837 1366 1942 1428 ἐῶν

333 1453 542 1531 οὐρέων
560 1455 653 1514 καὶ
670 1454 879 1531 πλήθεΐ
903 1457 1177 1537 μέγιστον
1198 1456 1289 1515 καὶ
1313 1453 1548 1537 μεγάθεΐ
1564 1453 1937 1533 ύψηλότατον.

331 1543 495 1604 ἔθνεα
520 1542 581 1603 δὲ
607 1542 907 1621 ἀνθρώπων
932 1543 1128 1603 πολλοὶ
1158 1544 1250 1603 καὶ
1273 1547 1514 1604 παντοῖα
1540 1548 1599 1603 ἐν
1626 1546 1802 1622 ἑωυτῷ
1827 1545 1941 1624 ἔχει

331 1631 366 1693 ὅ
396 1631 718 1702 Καύκασος,
734 1630 807 1691 τοὶ
835 1631 1032 1691 πολλὰ
1055 1630 1242 1692 πάντα
1267 1630 1362 1691 ἀπ’
1387 1630 1527 1707 ὕλης
1557 1628 1754 1712 άγρίης
1779 1630 1940 1702 ζώον-

328 1746 424 1781 τα·
468 1725 527 1783 ἐν
550 1725 704 1781 τοῖσι
732 1720 825 1779 καὶ
852 1720 1077 1798 δένδρεα
1102 1720 1304 1796 φύλλα
1341 1720 1571 1796 τοιῆσδε
1606 1719 1750 1795 ἰδέης
1774 1745 1941 1797 παρε-

330 1808 549 1888 χόμενα
573 1809 713 1869 εἶναι
736 1808 981 1890 λέγεται,
1006 1808 1079 1869 τὰ
1101 1807 1402 1887 τρίβοντάς
1436 1832 1500 1869 τε
1541 1808 1634 1867 καὶ
1656 1809 1940 1885 παραμίσ-

329 1921 536 1977 γοντας
560 1895 720 1975 ὕδωρ,
749 1897 861 1975 ζῷα
887 1900 1142 1957 ἑωυτοῖσι
1167 1901 1223 1960 ἐς
1245 1896 1350 1972 τήν
1377 1896 1592 1971 ἐσθῆτα
1617 1896 1938 1976 ἐγγράφειν·

331 1981 407 2043 τὰ
432 1984 492 2043 δὲ
516 1985 627 2065 ζῷα
652 1983 752 2044 οὔκ
780 1984 1172 2054 ἐκπλύνεσθαι,
1202 1983 1357 2043 ἀλλὰ
1383 1983 1941 2067 συγκαταγηράσκειν

332 2074 413 2149 τῷ
453 2069 613 2151 ἄλλῳ
644 2072 790 2151 εἰρίῳ
834 2072 1077 2151 κατάπερ
1121 2071 1496 2149 ἐνυφανθέντα
1525 2068 1723 2149 α’ρχήν.
1789 2070 1942 2147 μίξιν

336 2155 398 2215 δὲ
446 2158 654 2219 τούτων
696 2164 808 2219 τῶν
853 2159 1154 2239 ἀνθρώπων
1202 2160 1338 2221 εἶναι
1385 2158 1652 2237 ἐμφανέα,
1696 2156 1940 2238 κατάπερ
1977 2195 1982 2199 -

341 2248 495 2304 τοῖσι
520 2246 889 2327 προβάτοισι.

416 663 492 725 Ἡ
518 666 579 725 δὲ
606 666 847 741 Κασπίη
874 662 1148 726 θάλασσά
1175 669 1299 725 ἐστι
1325 662 1409 723 ἐπ’
1437 667 1653 739 ἑωυτῆς,
1671 662 1736 723 οὗ
1762 689 1903 741 συμ-
1914 666 2030 726 203

416 2335 501 2394 Τοὶ
525 2337 629 2412 μὲν
655 2334 724 2413 δή
750 2335 892 2413 πρὸς
934 2336 1178 2415 ἑσπέρην
1207 2336 1308 2411 τῆς
1340 2332 1641 2410 θαλάσσης
1678 2332 1894 2411 ταύτης,
1915 2336 2034 2397 204

332 2424 435 2497 τῆς
474 2426 742 2502 Κασπίης
778 2424 1131 2501 καλεομένης,
1167 2423 1198 2485 ὁ
1237 2423 1539 2486 Καύκασος
1580 2423 1828 2505 οἷπέργει,
1868 2423 1940 2484 τά

334 2507 396 2567 δὲ
420 2510 561 2589 πρὸς
584 2512 667 2589 ἧῶ
704 2538 768 2573 τε
793 2514 885 2572 καὶ
910 2512 1076 2589 ἥλιον
1100 2511 1486 2573 ἀνατέλλοντα
1510 2511 1700 2571 πεδίον
1732 2511 1936 2571 ἐκδέκε-

331 2622 427 2657 ται
450 2602 669 2677 πλῆθος
688 2599 927 2678 ἄπειρον
945 2606 999 2664 ἐς
1019 2599 1252 2680 ἄποψιν·
1292 2604 1396 2660 τοῦ
1423 2599 1497 2661 ὧν
1523 2598 1592 2675 δὴ
1619 2599 1812 2659 πεδίου
1837 2603 1939 2660 τοῦ

330 2688 585 2767 μεγάλου
630 2690 729 2750 οὐκ
776 2690 1085 2769 ἐλαχίστην
1116 2689 1321 2766 μοίρην
1318 2689 1650 2783 ..μετέχουσι
1675 2690 1729 2747 οἰ
1769 2692 1938 2747 Μασ-

331 2776 587 2856 σαγέται,
618 2778 702 2837 ἐπ’
729 2778 824 2842 οὓς
855 2777 887 2838 ὁ
930 2781 1119 2854 Κῦρος
1165 2778 1301 2855 ἔσχε
1330 2776 1645 2853 προθυμίην
1672 2800 1937 2852 στρατευ-

331 2864 569 2925 cao-Hac·
610 2864 805 2926 πολλά
824 2892 887 2926 τε
906 2862 1021 2947 γάρ
1040 2890 1139 2942 μιν
1160 2866 1252 2924 καὶ
1276 2863 1503 2944 μεγάλα
1520 2862 1591 2923 τσῖ
1612 2862 1938 2940 ἐπαείροντα

331 2950 425 3009 καὶ
446 2951 817 3029 ἐποτρύνοντα
834 2951 923 3027 ἦν·
964 2956 1189 3029 πρῶτον
1207 2954 1310 3028 μὲν
1335 2952 1372 3027 ἦ
1392 2953 1624 3032 γένεσις,
1644 2949 1711 3009 τὸ
1731 2949 1940 3009 δοκέειν

328 3039 507 3100 πλέον
548 3066 605 3099 τι
652 3040 791 3100 εἶναι
836 3038 1148 3117 α’νθρῶπου,
1176 3037 1404 3115 δεύτερα
1445 3038 1506 3095 δὲ
1544 3036 1582 3112 ἦ
1629 3034 1852 3109 εὐτυχίη
1894 3032 1934 3107 ἦ

328 3128 472 3188 κατὰ
521 3128 653 3191 τούς
704 3128 991 3205 πολέμους
1040 3126 1330 3208 γενομένη·
1399 3123 1504 3199 ὅκη
1555 3122 1666 3201 γὰρ
1722 3116 1932 3177 ἰθύσειε

324 3216 741 3297 στρατεύεσθαι
784 3219 993 3296 Κῦρος,
1034 3213 1326 3293 ἀμήχανον
1359 3210 1431 3286 ἦν
1465 3212 1637 3268 ἐκεῖνο
1671 3202 1739 3263 τό
1779 3202 1935 3265 ἔθνος

322 3304 670 3391 διαφυγέειν.
