2267 3517
323 145 420 193 112
930 144 1294 195 ἨΡοΔοτοτ
1586 205 1590 211 .
1819 145 1921 213 [11.

321 223 484 298 εὖρέα
534 223 817 322 Αἴγωτός
867 227 1010 284 ἔστι.
1089 224 1326 298 Πέφυκε
1375 224 1480 301 μέν
1531 250 1628 285 νυν
1675 224 1716 300 ἤ
1767 226 1926 305 χῶρη

268 306 303 364 9
327 303 469 379 αὕτη
509 302 661 362 οὕτω.
747 302 860 363 οἷπὸ
904 303 963 363 δὲ
1004 303 1409 370 Ἠλιουπόλιος
1450 310 1506 368 ε“ς
1525 304 1756 411 ΑΘῆβας,
1803 308 1926 368 ἔστι

320 390 602 454 ἀνάπλοος
643 391 797 451 ε’ννέα
826 390 1093 469 ἡμερέων·
1137 390 1358 452 στάδιοι
1389 390 1451 451 δὲ
1480 395 1583 468 τῆς
1611 391 1761 464 ὁδοῦ,
1805 392 1925 471 ἑξή-

324 504 491 539 κοντα
538 478 629 537 καὶ
676 477 999 539 ὀκτακόσιοι
1040 479 1136 538 καὶ
1178 479 1636 558 τετρακισχίλιοι,
1679 482 1926 559 σχοίνων

324 566 443 629 ἔνός
484 565 576 625 καὶ
617 564 932 646 ὀγδώκοντα
976 565 1188 627 ἐόντων.
1260 563 1415 626 οὗτοι
1446 567 1830 645 συντιθέμενοι
1871 572 1926 629 οἰ

317 652 537 714 στάδιοι
568 652 869 734 Αἰγύπτου·
923 651 992 712 τὰ
1021 654 1127 730 μὲν
1161 651 1318 730 παρὰ
1353 652 1659 715 θάλασσαν
1691 653 1801 733 ἤδη
1825 680 1926 733 μοι

325 740 415 799 καὶ
440 739 711 818 πρότερον
741 739 1045 815 δεδήλωται
1080 739 1168 803 ὅτι
1201 741 1500 811 ἑξακοσίων
1530 742 1596 803 τέ
1630 748 1756 803 ε’στι
1788 768 1924 804 στα-

322 828 450 888 δίων
484 828 575 887 καὶ
608 828 955 906 τρισχιλίων·
1024 827 1166 891 ὅσον
1197 828 1261 890 δέ
1287 854 1346 889 τι
1383 828 1497 891 ‹in-<3
1531 829 1830 908 θαλάσσης
1869 837 1926 897 ἐς

323 916 636 998 μεσόγαιαν
673 917 843 994 μέχρι
881 916 1117 992 Θηβέων
1158 917 1299 987 ἐστὶ,
1349 917 1630 994 σημανέω·
1703 919 1926 979 στάδιοι

321 1004 433 1085 γάρ
467 1008 579 1064 εἰσι
614 1004 793 1063 εἴκοσι
826 1004 918 1063 καὶ
954 1004 1151 1064 ἑκατόν
1183 1004 1276 1065 καὶ
1307 1004 1703 1085 ἑξακισχίλιοι·
1753 1005 1822 1067 τὰ
1864 1008 1924 1069 δὲ

320 1091 433 1152 οἷπὸ
487 1092 723 1171 Θηβέων
777 1097 833 1156 ἐς
880 1091 1288 1169 Ἐλεφαντίνην
1341 1093 1685 1172 καλεομένην
1733 1093 1920 1169 πόλιν,

321 1182 542 1243 στάδιοι
580 1182 760 1261 χῦιιοι
800 1180 893 1240 καὶ
926 1178 1256 1240 ὀκτακόσιοί
1294 1183 1422 1240 εἰσι.

228 1270 302 1329 10
400 1269 616 1345 Ταύτης
640 1267 717 1328 ὧν
750 1273 852 1343 τῆς
875 1266 1061 1347 χώρης
1084 1272 1188 1344 τῆς
1220 1268 1506 1346 εἰρημένης
1529 1266 1569 1344 ἦ
1593 1267 1806 1345 πολλὴ,
1827 1297 1922 1330 κα-

323 1356 501 1434 τάπερ
530 1360 584 1417 οἶ
621 1356 760 1432 ἰρέες
786 1357 998 1435 ἔλεγον,
1027 1353 1210 1415 ἐδόκεε
1243 1356 1303 1415 δὲ
1345 1357 1438 1414 καὶ
1465 1354 1610 1435 αὐτῷ
1641 1381 1743 1433 μοι
1784 1358 1923 1419 εἶναι

323 1443 613 1519 ἐπίκτητος
648 1442 1027 1523 Αἰγυπτίοισι.
1106 1446 1219 1502 τῶν
1256 1441 1368 1523 γὰρ
1394 1442 1598 1519 οὐρέων
1628 1448 1741 1504 τῶν
1780 1448 1922 1523 εἰρη·

317 1531 495 1609 μένων
516 1535 625 1590 τῶν
649 1529 789 1607 ὑπὲρ
814 1529 1056 1605 Μέμφιν
1094 1528 1266 1590 πόλιν
1307 1531 1568 1607 κειμένων
1604 1530 1672 1591 τό
1712 1532 1922 1609 μεταξι)

325 1617 584 1695 ἐφαίνετό
624 1642 725 1695 μοι
768 1617 912 1676 εἶναί
944 1641 1072 1676 κοτε
1116 1616 1330 1681 κόλπος
1372 1617 1690 1696 θαλάσσης,
1731 1618 1921 1698 ὥσπερ

320 1706 393 1768 τά
414 1734 478 1767 τε
501 1706 663 1783 περὶ
657 1703 841 1764 Ἴλιον
866 1704 959 1763 καὶ
983 1704 1325 1799 Τευθρανίην
1349 1705 1444 1765 καὶ
1457 1703 1717 1781 Ἔφεσόν
1740 1732 1802 1767 τε
1828 1708 1921 1767 καὶ

322 1793 650 1872 Μαιάνδρου
675 1793 882 1864 πεδίον,
922 1817 994 1855 ως
1017 1817 1085 1873 γε
1112 1792 1254 1853 εἶναι
1289 1818 1504 1871 σμικρα
1535 1798 1712 1854 ταῦτα
1749 1796 1919 1877 μεγά·

316 1888 478 1943 λοισι
497 1881 867 1960 συμβαλέειν·
907 1884 1019 1941 τῶν
1032 1907 1146 1961 γαρ
1163 1885 1342 1942 ταῦτα
1362 1907 1437 1943 τα
1458 1882 1638 1961 χωρία
1659 1909 1919 1963 προσχω·

317 1971 535 2032 σάντων
585 1973 868 2048 ποταμῶν,
918 1967 997 2029 ἑνὶ
1039 1972 1153 2029 τῶν
1203 1966 1504 2046 στομάτων
1551 1974 1653 2029 τοῦ
1705 1971 1919 2031 Νείλου

319 2059 504 2125 ἐόντος
554 2055 964 2136 πενταστόμου,
1019 2056 1196 2121 οὐδεὶς
1255 2056 1438 2117 αὐτῶν
1489 2056 1739 2132 πλήθεος
1789 2058 1919 2137 περὶ

317 2146 471 2217 ἄξιος
496 2146 909 2224 συμβληθῆναί
931 2150 1073 2205 ε’στι.
1132 2143 1246 2204 εἰσί
1271 2144 1332 2204 δὲ
1358 2144 1450 2203 καὶ
1475 2142 1649 2203 ἄλλοι
1672 2146 1919 2222 ποταμοὶ

316 2235 383 2295 οὗ
420 2235 565 2295 κατὰ
600 2234 701 2295 τόν
743 2236 958 2293 Νεῖλον
994 2230 1175 2295 ε’όντες
1205 2230 1471 2313 μεγάθεα,
1516 2230 1576 2291 οἷ
1603 2257 1748 2295 τινες
1782 2233 1919 2314 ἔργα

314 2321 718 2399 ι’ποδεξάμενοι
761 2319 988 2401 μεγάλα
1034 2320 1166 2379 εἰσί·
1225 2324 1337 2380 τῶν
1388 2319 1495 2400 ε’γῶ
1549 2318 1770 2397 φράσαι
1810 2322 1917 2400 ἔχω

318 2408 618 2486 οὐνόματα,
646 2408 741 2468 καὶ
780 2406 972 2467 ἄλλων
996 2407 1091 2466 καὶ
1132 2405 1233 2467 οὖκ
1275 2406 1482 2482 ἥκιστα
1510 2405 1814 2486 Ἀχελῶου·
1855 2407 1918 2473 ὃς

314 2498 453 2575 ῥέων
496 2494 565 2555 δι’
604 2494 966 2572 Ἀκαρνανίης
1012 2494 1105 2553 καὶ
1152 2494 1311 2563 ἐξιεὶς
1357 2499 1413 2557 ἔς
1457 2494 1764 2556 θάλασσαν
1804 2498 1908 2557 τῶι

312 2583 615 2663 Ἐχινάδων
638 2580 827 2658 νήσων
842 2582 942 2644 τοὶς
966 2579 1208 2658 η’μίσεας
1231 2580 1339 2658 ἤδη
1365 2578 1596 2659 ἤπειρον
1625 2583 1915 2659 πεποίηκε.

228 2671 477 2733 11”Εστι
498 2671 558 2731 δὲ
580 2675 683 2747 τῆς
699 2669 975 2747 Ἀραβίης
999 2667 1202 2748 χώρης,
1230 2668 1514 2751 Αἰγύπτου
1535 2670 1596 2730 δὲ
1615 2668 1680 2730 οὖ
1699 2671 1913 2748 πρόσω,

320 2760 531 2823 κόλπος
556 2757 857 2835 θαλάσσης
880 2758 1091 2836 ε’σέχων
1117 2761 1180 2816 ἐκ
1215 2760 1318 2833 τῆς
1353 2756 1626 2835 Ἐρυθρῆς
1648 2760 1914 2836 καλεομέ-

314 2874 412 2924 νης
454 2847 771 2923 θαλάσσης,
795 2844 1008 2924 μακρὸς
1051 2843 1194 2905 οὕτω
1236 2844 1307 2921 δή
1346 2871 1404 2905 τι
1443 2845 1536 2905 καὶ
1577 2844 1797 2909 στεινὰς
1845 2845 1916 2911 ὥς

316 2936 551 3017 ἔρχομαι
590 2934 847 3013 φράσων·
906 2937 1085 3009 μῆκος
1129 2958 1236 3010 μεν
1280 2931 1480 3003 πλόου,
1525 2931 1814 3012 ἀρξαμένῳ
1853 2938 1914 2993 ἐκ

313 3027 498 3104 μυχοῦ
537 3023 932 3083 &emmo-aa·
906 3047 961 3084 ες
994 3020 1100 3095 τήν
1143 3019 1334 3097 εὗρέην
1366 3019 1750 3095 θάλασσαν,ή
1710 3021 1915 3098 ημέραι

310 3111 736 3190 ἀναισιμοῦνται
774 3106 1193 3185 τεσσεράκοντα
1226 3108 1436 3186 εἰρεσίῃ
1476 3108 1787 3187 χρεωμένω·
1827 3134 1911 3168 ευ-

309 3226 408 3276 ρος
444 3201 520 3271 δε,
544 3205 618 3279 τῇ
660 3195 954 3275 εὖρυτατός
993 3200 1117 3255 ε’στι
1159 3194 1192 3256 6
1234 3192 1524 3265 κόλπος,
1485 3220 1665 3271 ημισυ
1702 3194 1913 3270 ἡμέρης

313 3285 516 3347 πλόου·
572 3287 741 3367 ῥηχίη
782 3284 830 3345 δ’
868 3287 928 3345 ἐν
970 3281 1119 3363 αὐτῷ
1159 3283 1252 3343 καὶ
1291 3282 1538 3363 ἄμπωτις
1572 3280 1680 3343 οἷναῖ
1717 3284 1911 3340 πᾶσαν
