2267 3517
297 182 518 249 71—73]
735 179 741 186 ·
963 182 1236 238 omnm.
1796 185 1891 236 23⁷

300 261 564 340 φυλακσῖς
599 262 711 343 γὰρ
737 261 806 338 δή
833 261 1169 326 διεστεώσας
1208 261 1362 327 οἶδάς
1394 288 1493 323 κου
1527 261 1619 322 καὶ
1650 260 1830 333 athas,
1858 267 1907 323 εἴ

301 350 384 427 μή
417 351 560 420 ἔδων,
591 350 722 409 ἀλλ’
752 349 1016 412 οἰκούσας·
1060 349 1126 414 ἃς
1157 351 1263 429 τέῳ
1289 350 1477 430 τρόπῳ
1502 350 1825 427 περήσομεν
1842 350 1906 420 ;”

304 437 600 514 ἀμείβεται
637 441 872 514 Δαρεῖος
906 439 1116 498 τοῖσδε·
1163 446 1195 474 “
1212 437 1441 514 Ὀτάνη,
1478 438 1515 514 ἦ
1550 439 1745 497 πολλοί
1782 444 1906 498 ἐστι

303 525 374 584 τοὶ
409 526 563 606 λόγῳ
589 528 694 603 μὲν
722 525 820 585 οὐκ
858 525 949 585 οἶά
984 551 1048 586 τε
1084 526 1359 601 δηλῶσαι,
1387 530 1525 608 ἔργῳ
1553 526 1632 585 δέ·
1673 524 1828 585 ἅλλα
1858 525 1905 586 δ’

307 612 432 673 ἐστὶ
460 613 534 673 τοὶ
568 613 722 693 λόγῳ
751 616 857 690 μὲν
891 613 982 674 οἷά
1016 639 1093 684 τε,
1121 616 1286 696 ἔργον
1322 614 1381 672 δὲ
1417 613 1573 674 οὐδὲν
1609 613 1703 673 ἀπ’
1729 613 1907 676 αὐτῶν

304 701 565 778 λαμπρόν
589 702 822 782 γίνεται·
863 700 1020 778 ὑμεῖς
1052 702 1111 760 δὲ
1133 703 1269 761 ἴστε
1296 700 1556 778 φυλακοῖς
1580 702 1681 766 τοῖς
1709 728 1905 764 κατεσ-

300 789 516 852 τεῶσας
549 789 749 854 ἐούσας
784 788 940 849 οὐδὲν
963 789 1221 868 χαλεπὰς
1250 792 1570 867 παρελθεῖν·
1611 795 1777 851 τοῦτο
1802 794 1906 868 μὲν

302 877 431 958 γαρ,
458 877 644 956 ἡμέων
671 877 870 938 ἐόντων
895 878 1137 948 τοιῶνδε,
1167 877 1342 942 οὐδεὶς
1366 878 1525 942 ὅστις
1551 878 1615 938 οὗ
1640 877 1903 956 παρήσει,

301 964 374 1024 ταῖ
403 964 510 1042 μέν
536 991 635 1025 κου
673 966 1093 1043 καταιδεόμενος
1126 965 1302 1043 ἦμέας
1332 966 1403 1026 τοὶ
1442 966 1501 1026 δέ
1540 993 1639 1026 κου
1676 968 1767 1026 καὶ
1800 967 1904 1026 δει-

241 1073 256 1089 ·
301 1054 528 1129 μαίνων·
570 1057 737 1114 τοῦτο
769 1055 844 1124 δὲ,
875 1055 981 1133 ἔχω
1016 1053 1182 1117 αὖτός
1215 1058 1429 1132 σκῆψιν
1456 1053 1905 1132 εὐπρεπεστάτην

301 1144 374 1218 τῇ
399 1141 656 1218 πάριμεν,
683 1141 797 1218 φοῖς
828 1138 955 1218 ἄρτι
983 1165 1047 1200 τε
1070 1140 1225 1217 ἥκειν
1253 1146 1314 1200 ἐκ
1345 1141 1612 1218 Περσέων
1638 1142 1731 1200 καὶ
1764 1141 1903 1218 βού-

302 1228 516 1287 λεσθαί
530 1254 588 1288 τι
609 1230 739 1291 ἔπος
757 1227 910 1305 παραῖ
930 1233 1033 1289 τοῦ
1053 1228 1266 1306 πατρὸς
1285 1233 1536 1308 σημῆναι
1548 1234 1625 1309 τῷ
1643 1229 1921 1306 βασιλέϊῖ

305 1317 438 1376 ἔνθα
460 1315 572 1396 γάρ
590 1341 647 1374 τι
673 1316 758 1374 δεῖ
781 1317 982 1394 ψεῦδος
1010 1316 1300 1397 λέγεσθαι,
1321 1317 1595 1398 λεγέσθω.
1654 1317 1776 1398 (τοῦ
1792 1318 1903 1398 γοῖρ

303 1401 476 1462 αὐτοῦ
499 1402 833 1486 γλιχόμεθα,
857 1403 917 1462 οἷ
934 1429 998 1464 τε
1017 1404 1344 1482 ψευδόμενοι
1370 1405 1463 1465 καὶ
1490 1409 1544 1465 οῖ
1567 1409 1638 1486 τῇ
1659 1405 1903 1484 σῖληθηΐῃ

304 1490 716 1570 διαχρεώμενοι·
773 1494 828 1550 οἱ
865 1490 970 1568 μέν
1007 1517 1076 1574 γε
1115 1491 1411 1571 ψεύδονται
1454 1493 1599 1568 τότε,
1644 1492 1810 1553 ἐπεάν
1846 1521 1904 1554 τι

301 1579 564 1656 μέλλωσι
588 1582 742 1639 τοῖσι
767 1579 999 1658 ψεύδεσι
1022 1581 1317 1644 πείσαντες
1343 1580 1736 1659 κερδήσεσθαι·
1774 1585 1831 1641 οἱ
1856 1581 1902 1641 δ’

304 1666 678 1743 ἀληθίζονται,
707 1668 798 1727 ἵνα
821 1693 878 1728 τι
900 1671 974 1748 τῇ
994 1666 1241 1748 σῖληθηΐῃ
1262 1668 1686 1731 ἐπισπάσωνται
1712 1668 1903 1747 κέρδος

305 1756 404 1814 καί
440 1781 497 1815 τι
542 1756 770 1832 μᾶλλόν
816 1761 932 1832 σφι
983 1756 1391 1833 ἐπιτράπηται·.
1428 1755 1568 1818 οὕτω
1617 1757 1683 1817 οὗ
1728 1757 1904 1818 ταῦτοὶ

305 1842 601 1907 ἀσκέοντες
625 1843 836 1905 τώυτοῦ
865 1841 1261 1923 περιεχόμεθα.
1330 1849 1381 1905 εἰ
1411 1845 1471 1904 δὲ
1509 1845 1681 1922 μηδὲν
1716 1844 1903 1922 κερδή-

305 1932 515 1991 σεσθαι
538 1932 820 2009 μέλλοιεν,
835 1930 1038 2008 ὁμοίως
1063 1929 1132 1991 ἂν
1152 1929 1186 1991 ὅ
1204 1957 1267 1992 τε
1287 1931 1684 2009 ἀληθιζόμενος
1702 1932 1907 2009 ψευδὴς

309 2019 392 2092 εἴη
425 2019 516 2076 καὶ
553 2019 586 2078 ὁ
621 2018 956 2097 ψευδόμενος
992 2017 1250 2101 ἀληθής.)
1317 2019 1381 2083 ὃς
1420 2016 1489 2080 ἂν
1520 2018 1627 2095 μέν
1661 2045 1759 2080 νυν
1796 2023 1915 2080 τῶν

307 2108 603 2183 πυλουρῶν
644 2105 779 2164 ἑκών
819 2107 1010 2184 παρίῃ,
1055 2107 1202 2186 αὐτῷ
1242 2109 1297 2166 οἶ
1339 2105 1564 2184 ἄμεινον
1606 2110 1663 2169 ἐς
1700 2105 1905 2186 χρόνον

310 2193 487 2250 ἔσται·
532 2191 593 2255 ὂς
632 2191 677 2252 δ’
708 2189 778 2253 ἂν
817 2191 1156 2270 ἀντιβαίνειν
1194 2198 1469 2270 πειρᾶται,
1511 2193 1905 2254 διαδεικνῦσθω

311 2281 546 2340 ἐνθαῦτα
593 2279 694 2341 ἐῶν
739 2278 1028 2357 πολέμιος·
1083 2281 1177 2340 καὶ
1229 2281 1417 2342 ἔπειτα
1465 2280 1742 2358 ὠσάμενοι
1795 2283 1906 2343 ἔσω

310 2368 476 2448 ἔργου
502 2367 809 2448 ἐχώμεθα.”
1900 2425 1905 2431 .

389 2455 560 2536 Λέγει
589 2455 860 2534 Γωβρύης
889 2456 1034 2534 μετὰ
1059 2461 1253 2519 ταῦτα·
1296 2468 1333 2496 “
1348 2458 1539 2540 ἄνδρες
1568 2462 1747 2537 φίλοι,
1774 2458 1908 2538 ἧμῖν
1925 2459 2001 2520 ’73

313 2541 440 2602 κότε
467 2542 702 2603 κάλλιον
727 2543 957 2620 παρέξει
988 2543 1401 2608 ἀνασώσασθαι
1423 2547 1528 2622 τὴν
1554 2547 1751 2627 ἀρχὴν,
1777 2545 1833 2623 ἢ,
1861 2548 1913 2606 εἴ

309 2655 378 2709 γε
396 2629 476 2706 μή
499 2629 686 2691 οἷοίτε
707 2630 956 2709 ἐσόμεθα
975 2631 1149 2708 αὐτὴν
1168 2632 1523 2710 οἷναλαβέειν,
1545 2635 1873 2697 ἅποθανέειν
1890 2659 1908 2704 3

312 2715 408 2777 ὅτε
436 2743 505 2798 γε
538 2717 828 2797 ἀρχόμεθα
851 2745 956 2796 μεν
982 2719 1164 2783 ἐόντες
1193 2720 1480 2798 Πέρσαι“
1447 2722 1557 2782 υπό
1584 2722 1853 2802 Μήδου’
1816 2749 1909 2783 αν-

271 2825 276 2830 ·
312 2803 441 2898 δρός
473 2804 708 2887 Μαγου,
733 2807 825 2865 καὶ
863 2832 1062 2868 τουτου
1102 2807 1218 2868 ὦτα
1258 2835 1359 2868 ουκ
1400 2810 1641 2888 ἔχοντος·
1682 2809 1813 2872 ὅσοι
1848 2835 1913 2870 τε

309 2891 492 2969 ὑμέων
523 2893 822 2972 Καμβύσῃ
853 2893 1109 2955 νοσέοντι
1143 2896 1533 2979 παρεγένοντο,
1560 2896 1776 2960 πάντως
1812 2923 1912 2956 κου

310 2978 603 3057 μέμνησθε
628 2982 700 3041 τοὶ
728 2979 1012 3060 ἐπέσκηψε
1046 2981 1315 3062 Πέρσῃσι
1340 2989 1621 3093 τελευτῶν
1645 2984 1745 3045 τόν
1778 2985 1913 3060 βίον

309 3093 392 3144 μη
435 3067 857 3147 πειρεωμένοισι
897 3069 1248 3130 ἀνακτᾶσθαι
1284 3070 1391 3147 τήν
1430 3070 1627 3150 ἀρχήν·
1673 3071 1747 3130 τοὶ
1784 3070 1913 3130 τότε

312 3181 412 3214 ουκ
451 3156 826 3234 ἐνεδεκόμεθα,
855 3155 986 3216 ἀλλ’
1015 3158 1108 3216 ἐπὶ
1142 3158 1389 3237 διαβολῇ
1418 3157 1706 3235 ἐδοκεομεν
1741 3161 1914 3218 εἰπεῖν

311 3245 661 3323 Καμβύσεα.
705 3250 803 3307 νῦν
819 3270 894 3305 ων
908 3245 1130 3322 τίθεμαι
1151 3251 1348 3324 ψῆφον
1368 3246 1663 3306 πείθεσθαι
1679 3246 1911 3325 Δαρείῳ,

311 3335 404 3392 καὶ
434 3360 516 3411 μη
543 3333 926 3394 διαλύεσθαι’
899 3359 959 3392 εκ
990 3337 1092 3391 τοῦ
1124 3332 1417 3414 συλλόγου
1443 3331 1574 3390 ἀλλ’
1604 3332 1787 3396 ἰόντας
1821 3335 1914 3392 ἐπὶ
