2267 3517
395 99 674 165 155-158]
1045 99 1371 150 n‘rmpnn.
1893 100 1988 153 18⁷

393 177 584 256 ἄφορα
623 176 838 237 πολλά·
884 177 1061 259 λόγον
1099 177 1161 236 δὲ
1198 176 1358 238 τόνδε
1398 179 1751 259 ἐπιλέγοντες
1794 180 1851 238 οἶ
1894 182 1993 240 Αἰ·-

393 265 618 346 γύπτιοι
649 265 799 340 φασὶ
840 263 979 325 εἶναι
1019 263 1193 341 αὐτὴν
1231 265 1479 340 πλωτήν·
1521 264 1593 329 ὥς
1634 270 1691 325 ἐν
1728 268 1801 344 τῇ
1841 264 1996 347 νήσῳ

392 352 568 430 ταύτῃ
593 351 694 412 οὔκ
727 352 898 431 ἐούσῃ
925 352 1199 430 πρότερον
1222 356 1436 431 πλωτῇ,
1463 352 1649 428 Λητῶ,
1679 357 1853 413 ἐοῦσα
1882 351 1995 415 τῶν

395 439 540 501 dna-23
579 441 718 501 θεῶν
760 443 873 500 τῶν
912 439 1144 516 πρώτων
1183 442 1491 521 γενομένων
1534 441 1797 502 οἰκέουσα
1836 442 1897 502 δὲ
1936 445 1996 504 ἐν

395 531 604 588 Βουτοῖ
638 527 794 598 πόλι,
830 527 920 588 ἵνα
959 526 1028 603 δή
1061 530 1116 586 οἰ
1154 527 1222 587 τὸ
1260 526 1605 606 χρηστήριον
1644 529 1812 589 τοῦτό
1852 534 1993 604 ἐστι,

392 613 732 676 Ἀπόλλωνα
773 614 926 692 παρὰ
963 613 1145 678 Ἴσιος
1189 615 1659 698 παρακαταθήκην
1706 616 1992 694 δεξαμένη,

395 701 630 764 διέσωσε
671 701 1078 781 κατακρύψασα
1119 706 1179 762 ἐν
1222 705 1297 781 τῇ
1337 707 1436 764 νῦν
1479 707 1679 782 πλωτῇ
1718 705 1997 785 λεγομένῃ

394 789 564 872 νήσῳ,
608 789 701 850 ὅτε
747 790 816 866 δὴ
858 790 926 853 τό
973 793 1088 850 πᾶν
1136 788 1423 867 διζήμενος
1462 790 1495 850 ὁ
1527 791 1731 867 Τυφὼν
1780 793 1994 867 ἐπῆλθε

394 877 572 938 θέλων
591 878 828 956 ἐξευρεῖν
852 881 954 938 τοῦ
979 876 1233 955 Ὀσίριος
1256 877 1356 937 τόν
1381 876 1993 938 παῖδα·-Ἀπόλλωνα

394 963 454 1024 δὲ
485 966 578 1025 καὶ
605 963 876 1043 Ἄρτεμιν
910 963 1193 1024 Διονύσου
1212 963 1327 1034 ,καὶ
1353 961 1536 1028 Ἴσιος
1575 964 1813 1045 λέγουσι
1854 965 1993 1027 εἶναι

393 1053 610 1123 παῖδας,
636 1055 860 1129 Λητοῦν
893 1051 954 1110 δὲ
985 1049 1200 1127 τροφόν
1226 1048 1449 1110 adreio-2
1480 1051 1573 1110 καὶ
1605 1050 1876 1128 σώτειραν
1898 1077 1989 1133 γε·

395 1139 610 1198 νέσθαι·
639 1138 978 1220 Αἰγυπτιστὶ
996 1137 1054 1196 δὲ
1073 1135 1374 1197 Ἀπόλλων
1386 1139 1490 1215 μὲν
1502 1136 1697 1215 Ὦρος,
1716 1138 1989 1217 Δημήτηρ

394 1225 454 1284 δὲ
484 1223 648 1296 Ἴσις,
671 1225 938 1303 Ἀρτεμις
973 1225 1034 1284 δὲ
1068 1224 1411 1301 Βούβαστις.
1481 1230 1543 1284 ἐκ
1571 1223 1771 1286 τούτου
1802 1225 1863 1284 δὲ
1892 1231 1993 1286 τοῦ

391 1313 570 1394 λόγου
609 1314 702 1372 καὶ
743 1312 965 1377 οῦδενὸς
1011 1310 1196 1372 ἄλλου
1236 1310 1525 1391 Αἰσχύλος
1566 1313 1599 1374 ὁ
1637 1311 1997 1390 Εὐφορίωνος

391 1400 615 1478 ἥρπασε
637 1402 706 1462 τὰ
734 1401 840 1482 ἐγώ
862 1400 1084 1477 φράσω,
1105 1404 1311 1478 μοῦνος
1336 1401 1405 1478 δή
1431 1402 1701 1477 ποιητέων
1725 1406 1836 1462 τῶν
1858 1428 1995 1481 προ-

391 1491 716 1569 γενομένων·
771 1490 1003 1566 ἐποίησε
1051 1488 1164 1570 γοὶρ
1207 1487 1478 1566 Ἀρτεμιν
1525 1489 1665 1551 εἶναι
1712 1491 1991 1572 θυγατέρα

391 1577 691 1687 Δήμητρος
697 1577 895 1654 ·-τήν
921 1577 984 1638 δὲ
1016 1582 1193 1654 νῆσον
1224 1577 1316 1638 διαὶ
1350 1581 1517 1639 τοῦτο
1548 1578 1813 1659 γενέσθαι
1842 1583 1992 1638 πλω-

323 1736 328 1742 ,
388 1665 510 1742 τήν.
576 1671 756 1727 ταῦτα
779 1667 884 1744 μὲν
909 1664 1050 1726 οὕτω
1077 1665 1333 1746 λέγουσι.

469 1756 823 1835 Ψαμμίτιχος
869 1754 931 1814 δὲ
975 1754 1325 1831 ἐβασίλευσε
1370 1753 1657 1834 Αἰγύπτου
1702 1755 1952 1832 τέσσερα
1972 1755 2085 1816 157

391 1842 482 1901 καὶ
507 1842 854 1920 πεντήκοντα
881 1843 1022 1901 ἔτεα·
1063 1845 1175 1900 τῶν
1200 1840 1272 1901 ‘td
1307 1841 1425 1904 ἐνός
1458 1841 1653 1901 δέοντα
1679 1842 1993 1918 τριήκοντα,

384 1928 645 2002 ‘'Agma-ov,
672 1934 774 2006 τῆς
804 1930 1006 2007 Συρίης
1030 1927 1288 2008 μεγάλην
1318 1926 1507 1995 πόλιν,
1535 1928 1997 2005 προσκατήμενος

392 2018 730 2096 ἐπολιόρκεε,
753 2022 809 2080 ἐς
833 2017 899 2077 vd
921 2017 1115 2085 ἐξεῖλε.
1168 2013 1307 2090 αὕτη
1328 2014 1387 2072 δὲ
1412 2013 1449 2088 ἦ
1466 2011 1711 2084 Ἀζωτος
1731 2013 1995 2076 ἁπασέων

319 2125 322 2128 ’
391 2106 603 2164 πολίων
631 2106 722 2164 ἐπὶ
749 2108 1024 2164 πλεῖστον
1054 2099 1259 2182 χρόνον
1285 2100 1726 2178 πολιορκευμένη
1754 2099 1995 2182 ἀντέσχε

391 2193 506 2251 τῶν
531 2191 690 2268 ἡμεῖς
717 2192 898 2270 ἴδμενῖ

472 2282 831 2359 Ψαμμιτίχου
863 2282 922 2354 δὲ
961 2278 1157 2344 Nem-33
1192 2282 1325 2343 παῖς
1360 2279 1594 2360 ἐγένετο,
1623 2278 1718 2338 καὶ
1756 2278 1953 2356 ἐβασί-
1976 2280 2091 2340 158

391 2369 564 2428 λευσε
603 2367 907 2449 Αἰγύπτου·
950 2367 1011 2433 ὃς
1043 2372 1116 2447 τῇ
1148 2366 1374 2446 διώρυχι
1410 2368 1741 2445 ἐπεχείρησε
1778 2371 1993 2444 πρῶτος

390 2459 462 2533 τῇ
489 2461 544 2520 ἐς
566 2455 669 2531 τὴν
694 2455 970 2534 Ἐρυθρὴν
999 2457 1304 2517 θάλασσαν
1327 2455 1597 2533 φερούσῃ,
1624 2455 1729 2531 τήν
1755 2459 1995 2532 Δαρεῖος

392 2543 424 2602 ὁ
445 2544 674 2620 Πέρσης
701 2542 924 2621 δεύτερα
947 2542 1192 2620 διώρυξε·
1218 2548 1319 2619 τῆς
1342 2547 1521 2621 μῆκος
1544 2543 1651 2620 μέν
1672 2547 1793 2602 ἐστι
1814 2542 1995 2607 πλόος

389 2629 595 2709 ἡμέραι
619 2632 901 2707 τέσσερες,
925 2629 1081 2708 εὖρος
1107 2632 1168 2690 δὲ
1196 2629 1419 2710 ὠρύχθη
1446 2625 1592 2690 ὥστε
1616 2629 1872 2708 τριήρεας
1892 2629 1991 2689 δύο

390 2719 584 2780 πλέειν
611 2717 752 2796 ὁμοῦ
780 2718 1241 2796 ἐλαστρευμένας.
1308 2717 1474 2794 ἦκται
1505 2717 1564 2776 δὲ
1597 2717 1709 2778 οἷπὸ
1736 2722 1835 2778 τοῦ
1863 2717 1993 2777 Νεί-

389 2809 497 2867 λου
535 2807 605 2868 τὸ
639 2806 783 2885 ὕδωρ
815 2810 872 2870 ἐς
910 2805 1100 2882 αὐτήν·
1142 2805 1306 2882 ἦκται
1347 2806 1407 2865 δὲ
1446 2805 1757 2882 κατύπερθε
1795 2805 1994 2886 ὀλίγον

391 2894 752 2972 Βουβάστιος
791 2894 1004 2965 πόλιος,
1041 2894 1197 2970 παροὶ
1234 2893 1537 2970 Πάτουμον
1571 2893 1676 2968 τήν
1714 2891 1993 2971 Ἀραβίην

390 2981 580 3042 πόλιν·
613 2983 798 3062 ἐσέχει
817 2982 877 3041 δὲ
897 2987 951 3045 ἐς
974 2981 1078 3057 τήν
1101 2981 1377 3059 Ἐρυθρήν
1397 2981 1719 3042 θάλασσαν·
1755 2979 1991 3055 ὥρυκται

392 3069 454 3128 δὲ
491 3075 713 3148 πρῶτον
750 3072 854 3148 μὲν
887 3073 988 3130 τοῦ
1021 3069 1213 3128 πεδίου
1250 3072 1351 3128 τοῦ
1392 3067 1698 3148 Αἰγυπτίου
1738 3064 1809 3126 τοὶ
1848 3064 1991 3142 πρός
2050 3060 2055 3066 ¹

389 3155 669 3236 Ἀραβίην
694 3161 913 3238 ἔχοντα·
947 3159 1134 3238 ἔχεται
1160 3157 1221 3216 δὲ
1246 3154 1553 3231 κατύπερθε
1576 3157 1677 3213 τοῦ
1702 3152 1894 3212 πεδίου
1916 3150 1987 3212 τό

393 3244 536 3308 κατὰ
560 3245 800 3326 Μέμφιν
815 3247 996 3308 τεῖνον
1023 3243 1169 3323 ὅρος,
1192 3247 1251 3304 ἐν
1274 3246 1353 3320 τῷ
1372 3243 1430 3300 αἱ
1456 3239 1777 3315 λιθοτομίαι
1800 3239 1991 3300 ἔνεισι·
2055 3305 2205 3400 Δ
