2267 3517
339 165 620 232 119-122]
999 167 1273 219 eAAmA.
1838 171 1939 222 πω

279 251 284 256 ’
331 244 583 326 ὕπαρχος
611 243 886 324 Ὀροίτης,
913 244 1056 325 α’νήρ
1095 247 1349 326 Πέρσης.
1417 243 1581 310 οὗτος
1612 245 1935 325 ἐπεθύμησε

330 334 662 415 πρήγματος
686 333 788 393 οὐκ
811 333 996 394 ὁσίου·
1039 333 1167 394 οὔτε
1190 334 1304 416 γάρ
1327 358 1386 394 τι
1410 333 1607 394 παθῶν
1624 333 1751 396 οὔτε
1776 332 1938 395 α’κοῦ-

331 445 441 485 σας
478 420 718 497 μάταιον
757 423 890 486 ἔπος
928 421 1070 500 πρός
1112 422 1508 500 Πολυκράτεος
1551 426 1654 482 τοῦ
1702 423 1935 500 Σαμίου,

330 508 456 570 οὔτε
483 509 609 569 ἰδών
632 508 920 588 πρότερον,
937 509 1205 588 ἐπεθύμεε
1223 509 1426 587 λαβών
1440 508 1609 570 αὐτὸν
1628 509 1931 583 ἀπολέσαι,

332 595 404 660 ὥς
431 600 536 675 μὲν
569 599 622 658 οἶ
655 600 890 662 πλεῦνες
923 598 1177 678 λέγουσι,
1207 596 1299 658 διὰ
1330 597 1550 672 τοιήνδε
1582 597 1709 658 τινὰ
1734 600 1936 678 αἰτίην·

332 685 424 744 ἐπὶ
447 689 558 744 τῶν
582 685 863 761 βασιλέος
889 685 1095 764 θυρέων
1123 683 1433 762 κατήμενον
1456 683 1558 745 τόν
1581 709 1645 746 τε
1668 683 1931 763 Ὀροίτην

331 773 425 831 καὶ
469 770 654 833 ἄλλον
696 773 948 850 Πέρσην,
989 776 1070 851 τῷ
1111 771 1323 849 οὕνομα
1364 770 1503 833 εἶναι
1542 773 1935 850 Μιτροβάτεα,

328 863 504 936 νομοῦ
539 859 788 940 ἄρχοντα
809 864 912 920 τοῦ
938 865 998 920 ἐν
1025 861 1376 940 Δασκυλείῳ,
1403 858 1633 923 τούτους
1659 865 1721 920 ἐκ
1745 859 1933 942 λόγων

331 949 388 1010 ἐς
433 947 613 1006 νείκεα
657 948 1020 1025 συμπεσέειν·
1074 947 1409 1025 κρινομένων
1443 947 1504 1006 δὲ
1544 946 1685 1025 περὶ.
1712 946 1929 1025 ἀρετ-ἦς,

330 1037 504 1096 εἰπεῖν
526 1035 628 1095 τᾶν
654 1035 1030 1114 Μιτραβάτεα
1053 1038 1132 1114 τῷ
1157 1035 1388 1114 Ὀροίτῃ
1406 1035 1784 1112 προφέροντα·
1814 1035 1934 1096 “m)

296 1188 301 1192 ,
328 1121 440 1202 γοῖρ
477 1127 536 1183 ἐν
571 1121 784 1200 οἷνδρῶν
805 1123 976 1204 λόγῳ,
1005 1121 1068 1186 ὃς
1095 1123 1343 1198 βασιλέῖ
1368 1125 1545 1198 νῆσον
1572 1121 1767 1200 Σάμον
1790 1123 1933 1200 πρὸς

327 1213 408 1288 τῷ
438 1214 524 1290 σῷ
558 1214 710 1290 νομῷ
749 1210 1163 1289 προσκειμένην
1188 1209 1255 1270 οὖ
1286 1209 1705 1288 προσεκτήσαο,
1734 1207 1837 1270 ὦδε
1860 1209 1933 1287 δή

328 1321 386 1357 τι
421 1301 627 1358 ἐοῦσαν
657 1297 888 1358 εὐπετέα
918 1299 1289 1377 χειρωθῆναις
1330 1298 1436 1375 τήν
1473 1301 1586 1358 τῶν
1615 1323 1701 1363 τις
1734 1303 1933 1379 ἐπιχω-

328 1385 461 1461 ρίων
486 1385 878 1446 πεντεκαίδεκα
905 1385 1182 1466 ὁπλίτῃσι
1206 1383 1527 1448 ἐπαναστὰς
1550 1387 1703 1465 ἔσχε,
1724 1387 1819 1446 καὶ
1836 1390 1934 1448 νῦν

329 1471 502 1548 αὐτῆς
535 1471 904 1551 τυραννεύει.”
971 1476 1026 1533 οἱ
1055 1476 1163 1551 μὲν
1186 1473 1258 1550 δή
1282 1474 1381 1551 μίν
1404 1479 1556 1551 φασι
1578 1478 1747 1535 τοῦτο
1772 1473 1933 1542 α’κού-

328 1583 526 1632 σαντα,
561 1563 655 1621 καὶ
693 1559 1028 1642 ἀλγήσαντα
1064 1564 1145 1642 τῷ
1192 1561 1405 1633 ὀνείδεϊ,
1442 1563 1787 1639 ἐπιθυμῆσαι
1830 1562 1933 1623 οὔκ

328 1648 470 1710 οὕτω
506 1649 609 1711 τᾶν
639 1649 872 1711 εἴπαντα
907 1653 1086 1709 ταῦτα
1123 1649 1418 1720 τίσασθαι,
1454 1649 1525 1714 ὥς
1558 1649 1931 1727 Πολυκράτεα

325 1735 544 1802 πάντως
567 1736 853 1798 ἀπολέσαι
879 1737 947 1798 δι’
973 1736 1040 1798 ὅν
1062 1763 1191 1799 τινα
1218 1740 1395 1802 κακῶς
1420 1736 1651 1814 ἤκουσε.
1720 1743 1796 1799 Οἱ
1829 1739 1891 1799 δὲ
1910 1740 2014 1800 12]

329 1823 639 1889 ἐλάσσονες
672 1827 927 1907 λέγουσι,
968 1825 1192 1904 πέμψαι
1226 1824 1487 1903 Ὀροίτεα
1522 1830 1577 1890 ἐς
1614 1824 1807 1903 Σάμον
1836 1825 1931 1902 κή-

327 1937 469 1988 ρυκα
507 1911 636 1973 ὅτευ
669 1913 738 1989 δή
775 1912 1066 1992 χρήματος
1102 1912 1463 1990 δεησόμενον·
1504 1911 1571 1971 οὗ
1600 1912 1712 1993 γὰρ
1752 1911 1826 1973 ὦν
1861 1914 1931 1990 δὴ

326 1999 494 2059 τοῦτό
521 2025 591 2079 γε
623 2001 867 2080 λέγεται·
885 2001 1004 2084 ,καὶ
1026 1999 1128 2062 τᾶν
1154 1998 1529 2077 Πολυκράτεα
1551 2002 1739 2078 τυχεῖν
1765 2023 1929 2059 κατα·-

331 2085 579 2162 κείμενον
603 2090 663 2146 ἐν
689 2085 964 2163 ἀνδρεῶνι,
990 2091 1250 2166 παρεῖναι
1276 2087 1339 2147 δέ
1363 2089 1419 2147 οὶ
1444 2087 1537 2147 καὶ
1559 2086 1930 2165 Ἀνακρέοντα

329 2172 430 2232 τὸν
453 2172 646 2248 Τήϊον·
688 2175 787 2232 καί
823 2199 944 2245 κως,
972 2175 1068 2235 εἶτ’
1097 2181 1161 2235 ἐκ
1184 2175 1449 2253 προνοίης
1482 2173 1654 2236 αὐτόν
1691 2179 1930 2250 κατηλο-

327 2261 532 2342 γεόντα
554 2259 627 2322 τοὶ
653 2259 918 2338 Ὀροίτεω
943 2262 1265 2345 πρήγματα,
1294 2263 1404 2323 εἴτε
1430 2264 1523 2323 καὶ
1546 2263 1819 2342 συντυχίη
1843 2287 1928 2327 τις
1990 2297 1993 2300 ’

328 2347 558 2425 τοιαύτη
589 2351 900 2431 ἐπεγένετο·
937 2349 1039 2411 τόν
1062 2375 1127 2411 τε
1151 2351 1266 2433 γὰρ
1293 2350 1505 2427 κήρυκα.
1531 2349 1633 2412 τᾶν
1664 2351 1929 2428 Ὀροίτεω

329 2435 686 2513 παρελθόντα
703 2437 1082 2520 διαλέγεσθαι,
1099 2437 1311 2500 καὶτὸν
1335 2437 1722 2517 Πολυκράτεα,
1741 2443 1931 2518 τυχεῖν
2010 2497 2015 2500 .

326 2523 440 2606 γὰρ
479 2526 936 2604 ἐπεστραμμένον
969 2525 1112 2602 πρός
1143 2525 1246 2586 τὸν
1274 2529 1485 2605 τοῖχον,
1518 2524 1646 2587 οὔτε
1674 2551 1731 2586 τι
1760 2551 1927 2602 μετα-

329 2616 654 2689 στραφῆναι
678 2612 807 2673 οῧτε
830 2611 1257 2690 ὑποκρίνασθαι·
1300 2614 1489 2674 Αἰτίαι
1513 2616 1617 2690 μὲν
1636 2613 1705 2690 δή
1727 2612 1889 2674 αὗται
1909 2617 2023 2675 122

329 2697 592 2775 διφάσιαι
632 2701 898 2782 λέγονται
938 2704 1042 2762 τοῦ
1089 2700 1333 2762 θανάτου
1382 2706 1485 2763 τοῦ
1536 2701 1931 2779 Πολυκράτεος

325 2788 612 2869 γενέσθαι·
649 2787 891 2866 πάρεστι
925 2788 986 2848 δὲ
1025 2788 1325 2850 πείθεσθαι
1355 2787 1589 2868 ὁκοτέρῃ
1612 2815 1698 2854 τις
1722 2789 1929 2866 βούλε·

326 2899 421 2934 ται
455 2874 682 2937 αὐτέων.
747 2875 784 2936 ὅ
813 2875 884 2952 δή
921 2874 997 2936 ὧν
1025 2875 1303 2955 Ὀροίτης,
1331 2876 1579 2954 ἱζόμενος
1609 2881 1669 2938 ἐν
1695 2883 1925 2958 Μαγνη-

326 2963 428 3041 σίῃ
462 2966 536 3042 τῇ
569 2962 710 3041 ὑπὲρ
743 2962 1070 3040 Μαιάνδρου
1097 2966 1360 3041 ποταμοῦ
1400 2965 1681 3043 οἰκημένῃ,
1715 2965 1925 3040 ἔπεμπε

327 3049 572 3128 Μύρσον
593 3076 695 3111 τον
717 3050 910 3133 Γύγεω
943 3049 1119 3130 ανδρα
1144 3050 1331 3112 Αυδον
1356 3055 1412 3114 ἐς
1438 3050 1641 3128 Σάμον
1655 3049 1926 3132 α’,γγελίην

327 3138 592 3216 φέροντα,
617 3137 813 3216 μαθων
837 3141 940 3198 τοῦ
964 3137 1361 3217 Πολυκράτεος
1393 3138 1495 3198 τᾶν
1519 3136 1667 3198 νόον.
1736 3140 1925 3196 Πολυ-

327 3225 532 3304 κράτης
566 3225 681 3309 γάρ
722 3231 847 3286 ἐστι
884 3227 1103 3302 πρῶτος
1126 3251 1239 3286 των
1262 3224 1424 3300 ἡμεῖς
1453 3224 1613 3300 ΙΙὦμεν
1633 3221 1925 3300 Ἑλλήνων

325 3339 390 3380 ος
429 3313 946 3394 θαλασσοκρατέειν
969 3312 1263 3389 ἐπενοήθη,
1288 3309 1469 3388 πάρεξ
1490 3309 1715 3374 Μίνωός
1736 3333 1798 3371 τε
1821 3312 1926 3372 τοῦ
