2267 3517
317 132 383 181 30
915 130 1285 187 ἮςοΔοωοτ
1838 125 1908 194 [1.

311 208 708 288 ἀπρόσμικτοι.
788 209 1112 288 μετέβαλον
1150 210 1211 270 δὲ
1251 207 1356 269 ὦδε
1394 213 1451 274 ἐς
1483 206 1756 287 εὖνομίην·
1802 214 1913 269 Λυ-

312 296 568 378 κούργου,
593 300 705 357 τῶν
733 298 1121 375 Σπαρτιητέων
1147 296 1377 374 δοκίμου
1410 294 1624 373 οἷνδρός,
1653 293 1917 360 ἐλθόντος

313 389 371 449 ἐς
396 384 663 460 Δελφοῦς
688 385 780 444 ἐπὶ
802 384 871 445 τὰ
897 383 1259 463 χρηστήριον,
1288 383 1360 447 ὥς
1391 382 1547 461 ἐσήῖε
1574 387 1629 447 ἐς
1652 381 1719 445 τό
1743 382 1915 464 μέγα·

310 497 412 550 ρον
437 471 597 535 εὖθύς
618 471 657 548 ἦ
684 473 872 549 Πυθίη
895 472 1054 554 λέγει
1075 472 1227 532 τάδε·

402 602 588 661 Ἥκεις,
629 602 671 650 ὦ
700 602 962 665 Λυκόοργε,
1002 602 1114 661 ἐμὸν
1148 602 1262 650 ποτὶ
1294 602 1435 651 πίονα
1464 602 1591 663 νηὸν,

409 674 523 732 Ζηνὶ
554 674 695 734 φίλος
726 675 807 722 καὶ
838 675 988 723 πᾶσιν
1019 675 1234 733 ὀλύμπια
1268 674 1446 733 δώματ’
1477 676 1658 735 ἔχουσι.

310 798 314 803 ,
410 746 521 803 aas&
553 746 590 803 ἤ
619 762 679 795 σε
714 746 819 795 θεὸν
849 747 1189 805 μαντεύσομαι,
1226 744 1260 805 ἢ
1294 746 1556 807 ἄνθρωπον·

409 816 523 865 ἀλλ’
557 818 632 865 ἔτι
662 817 746 865 καὶ
773 818 966 877 μᾶλλον
997 818 1106 867 θεὸν
1138 818 1365 878 ἔλπομαι,
1403 816 1444 865 ὦ
1473 816 1730 881 Λυκόοργε.

307 930 370 987 οἶ
406 930 511 1006 μεν
544 927 614 1005 δή
647 953 792 993 τινες
828 954 969 1007 προς
1004 952 1257 989 τουτοισι
1290 928 1551 1036 λέγουσι
1568 927 1661 987 καὶ
1693 926 1913 1005 φράσαι

314 1013 462 1096 αὖτῶ
481 1015 588 1093 τὴν
615 1016 840 1093 Πυθίην
861 1041 962 1077 τον
985 1019 1082 1077 νῦν
1109 1040 1459 1076 κατεστεωτα
1483 1012 1701 1091 κόσμον
1725 1016 1913 1092 Σπαρ-

279 1092 555 1185 τιήτῃσι·
589 1103 662 1169 ὥς
685 1103 732 1165 δ’
757 1104 914 1165 αυτοὶ
938 1102 1367 1182 Λακεδαιμόνιοι
1390 1102 1643 1183 λέγουσι,
1664 1106 1910 1179 Λυκοῦρ-

310 1217 416 1304 γον
479 1190 958 1270 ἐπιτροπεύσαντα
1017 1189 1354 1267 Λεωβώτεω,
1418 1188 1751 1266 ἀδελφιδέου
1808 1192 1913 1268 μὲν

315 1283 517 1340 ἑωυτοῦ
560 1278 966 1357 βασιλεύοντος
1010 1279 1072 1338 δὲ
1121 1277 1524 1355 Σπαρτιητέων,
1573 1280 1635 1336 ἐκ
1686 1276 1914 1355 Κρήτης

313 1365 630 1448 ἀγαγέσθαι
672 1366 868 1427 ταῦτα.
949 1363 1023 1428 ὥς
1071 1363 1183 1445 γὰρ
1230 1363 1602 1442 ἐπετρόπευσε
1648 1362 1911 1443 τάχιστα,

309 1454 626 1531 μετέστησε
653 1451 726 1513 τοὶ
752 1451 962 1529 νόμιμα
993 1449 1195 1521 πάντα,
1225 1451 1317 1511 καὶ
1348 1450 1595 1527 ἐφύλαξε
1624 1455 1801 1512 ταῦτα
1829 1451 1911 1528 μή

309 1540 704 1619 παραβαίνειν·
743 1539 887 1616 μετὰ
911 1538 989 1611 δὲ,
1013 1537 1088 1599 τὰ
1113 1544 1170 1603 ἐς
1192 1538 1445 1616 πόλεμον
1469 1539 1684 1618 ἔχοντα,
1714 1544 1911 1617 ἐνωμῶ

311 1628 435 1691 τίας
473 1628 565 1687 καὶ
598 1626 896 1705 τριηκάδας
930 1627 1024 1687 καὶ
1057 1627 1347 1696 συσσίτια,
1383 1625 1524 1704 πρός
1560 1650 1625 1686 τε
1660 1625 1913 1688 τούτοισι

221 1717 297 1777 66
307 1740 445 1780 τους
462 1713 701 1794 ἐφόρους
725 1716 818 1774 καὶ
836 1715 1100 1796 γέροντας
1125 1717 1335 1792 ἔστησε
1354 1717 1695 1795 Λυκοῦργος.
1752 1713 1913 1776 Οὕτω

311 1806 418 1881 μὲν
453 1802 872 1881 μεταβαλόντες
910 1802 1317 1882 εὐνομήθησαν.
1396 1805 1475 1881 τῷ
1512 1802 1573 1861 δὲ
1610 1802 1913 1884 Λυκούργῳ

309 1891 756 1969 τελευτήσαντῦ
738 1890 858 1970 ιρὸν
876 1889 1176 1969 εἱσάμενοι,
1198 1889 1469 1966 σέβονται
1492 1889 1768 1971 μεγάλως.
1821 1891 1914 1951 οἷα

311 1980 376 2039 δὲ
401 1980 460 2041 ἔν
480 2005 545 2041 τε
568 1978 724 2061 χώρῃ
748 1978 952 2061 οἶγαθῇ,
980 1979 1073 2038 καὶ
1094 1976 1305 2053 πλήθει
1328 1975 1428 2036 οὐκ
1452 1975 1661 2058 ὀλίγων
1684 1977 1912 2054 ανδρῶν,

309 2066 422 2130 α’νά
443 2094 509 2129 τε
533 2068 771 2150 ἔδραμον
793 2066 991 2127 αὐτίκα
1015 2066 1108 2125 καὶ
1133 2061 1538 2142 εὖθηνηθησαν·
1581 2066 1673 2125 καὶ
1704 2065 1775 2142 δή
1800 2072 1913 2142 σφι

315 2155 499 2217 ουκέτι
517 2156 739 2235 ἀπέχρα
755 2154 1000 2234 ἡσυχίην
1018 2152 1192 2236 ἅγειν,
1212 2151 1370 2214 ἄλλα
1389 2153 1915 2231 καταφρονήσαντες

315 2241 599 2320 Ἀρκάδων
631 2243 932 2320 κρέσσονες
964 2240 1119 2312 εἶναι,
1148 2239 1649 2321 ἐχρηστηριάζοντο
1682 2246 1743 2302 ἐν
1768 2245 1917 2301 Δελ-

317 2330 606 2475 φοῖσιαεῧπὶ
633 2327 794 2409 πάσῃ
817 2332 891 2408 τῇ
913 2326 1195 2455 Ἀρκάδων
1218 2326 1393 2407 χῶρῃ·
1432 2327 1471 2404 ἤ
1498 2329 1559 2389 δὲ
1590 2328 1777 2406 Πυθίη
1802 2334 1915 2407 σφι

317 2420 432 2497 χρᾷ
455 2441 490 2475 τ
560 2439 606 2474 ε·

408 2532 670 2596 ’Δρκαδίην
698 2530 750 2591 μ’
781 2532 953 2593 αἰτεΐς;
986 2531 1119 2592 μέγα
1149 2530 1206 2590 μ’
1235 2532 1399 2581 αίτεῒς·
1435 2533 1492 2579 οὔ
1511 2549 1587 2580 τοι
1609 2531 1763 2583 δώσω.

419 2606 596 2653 πολλοὶ
627 2606 677 2652 ἐν
702 2603 934 2665 ’Δρκαδίῃ
963 2603 1313 2666 βαλανηφάγοι
1345 2602 1507 2664 ἄνδρες
1533 2605 1656 2663 ἔασι,

419 2677 469 2725 oz
497 2676 545 2725 σ’
582 2676 992 2724 ἀποκωλύσουσιν.
1061 2675 1161 2735 ἐγὼ
1194 2674 1247 2723 δέ
1277 2690 1353 2723 τοι
1386 2676 1443 2722 οὔ
1472 2691 1523 2724 τι
1552 2674 1785 2737 μεγαίρω·

421 2747 558 2796 δώσω
588 2763 666 2795 τοι
697 2746 881 2806 Τεγέην
913 2745 1234 2807 ποσσίκροτον
1265 2746 1585 2808 ὀρχήσασθαι,

420 2822 502 2867 καὶ
533 2819 682 2867 καλὸν
715 2818 876 2865 πεδίον
906 2817 1086 2879 σχοίνῳ
1118 2818 1545 2880 διαμετρήσασθαι.

322 2920 512 2977 Ταῦτα
550 2916 623 2981 οἷς
661 2915 1056 2996 ἀπενειχθέντα
1093 2914 1345 2993 ἥκουσαν
1385 2920 1440 2977 οἱ
1477 2898 1924 2997 λακεδαιμόνιοι,

323 3002 606 3081 Ἀρκάδων
641 3005 748 3081 μὲν
786 3008 899 3075 τῶν
943 3002 1137 3065 ἄλλων
1175 3003 1490 3083 ἀπείχοντο·
1540 3009 1594 3066 οἱ
1640 3007 1715 3077 δὲ,
1755 3008 1927 3072 πέδας

326 3090 697 3170 φερόμενοι,’
671 3090 764 3150 επὶ
791 3089 1126 3172 Τεγεήτας’
1098 3116 1510 3170 εστρατευοντο,
1535 3097 1777 3173 χρησμῷ
1802 3096 1928 3171 κιβ·

326 3178 480 3259 δήλῳ
502 3178 733 3239 πίσυνοι
763 3176 835 3241 ὥς
859 3178 928 3255 δη
962 3178 1546 3257 ἐξανδραποδιούμενοι
1568 3205 1699 3244 τους
1727 3179 1929 3260 Τεγεή-

327 3290 447 3332 τας·
473 3265 816 3330 εσσωθέντες
833 3264 896 3325 δὲ
919 3270 992 3346 τῇ
1019 3266 1363 3346 συμβολῇ,
1330 3290 1462 3329 οσοι
1486 3271 1667 3329 αῢτῶν
1692 3264 1928 3345 ἐζωγρή-
