2267 3517
380 122 668 190 126—129]
1052 125 1378 176 n‘rmrnn.
1872 128 1969 176 1⁷1

382 206 477 264 καὶ
506 208 707 266 τοῦτον
730 205 793 267 δὲ
817 210 896 285 τῷ
924 206 1071 285 αὐτῷ
1100 204 1290 285 τρόπῳ
1315 206 1654 284 διαχρᾶσθαι
1687 208 1766 284 τῷ
1791 204 1972 283 ἑτέρῳ,

376 292 455 353 τά
481 316 547 353 τε
570 291 724 352 ἄλλα
760 294 852 353 καὶ
880 292 1165 370 πυραμίδα
1189 296 1428 369 ποιῆσαι
1455 298 1509 356 ές
1542 294 1648 369 μὲν
1669 291 1742 351 τα
1769 292 1975 351 ἐκείνου

377 380 560 457 μέτρα
590 379 691 440 οὐκ
726 379 1061 457 ἀνήκουσαν·
1101 385 1279 440 ταῦτα
1303 380 1413 461 γὰρ
1441 378 1514 440 ὧν
1541 380 1632 439 καὶ
1657 379 1818 457 ἡμεῖς
1851 385 1970 455 έμε-

377 468 685 545 τρήσαμεν·
716 467 868 548 (οὔτε
891 468 1002 549 γὰρ
1026 466 1230 527 ὕπεστι
1255 468 1531 544 οἰκήματα
1555 466 1666 527 ὖπό
1691 470 1816 547 γῆν,
1843 464 1971 526 οὔτε

378 558 441 615 ἐκ
479 559 581 616 ,τοῦ
620 556 835 615 Νείλου
867 555 1067 633 διώρυξ
1096 554 1218 631 ἥκει
1249 558 1306 618 ές
1335 554 1510 631 αὐτ-ἠν
1543 554 1734 630 ὥσπερ
1775 560 1832 617 ἐς
1867 554 1971 631 τὴν

376 641 571 720 ε’τέρην
598 642 827 721 ῥέουσα·
868 642 973 702 διὰ.
998 642 1433 719 οἰκοδομημένου
1473 642 1535 701 δὲ
1573 640 1822 705 αὖλῶνος
1861 643 1970 701 ἔσω

376 734 553 805 νῆσον
572 730 862 808 περιρρέει,
881 736 939 791 έν
956 733 1029 811 τῇ
1048 730 1216 791 αὐτὸν
1232 729 1469 812 λέγουσι
1487 730 1708 791 κεῖσθαι
1727 730 1970 809 Χέοπα.)

374 816 675 895 ὖποδείμας
716 819 777 879 δὲ
814 818 915 879 τὸν
956 821 1178 896 πρῶτον
1219 816 1393 894 δόμον
1433 818 1599 878 λίθου
1641 818 1969 878 Αἰθιοπικοῦ

374 908 653 977 ποικιλου,
695 906 1113 984 τεσσεράκοντα
1157 905 1333 969 πόδας
1377 905 1600 982 ὔποβοὶς
1643 910 1746 981 τῆς
1786 905 1972 982 ἑτέρης

372 992 551 1054 τῶυτό
583 994 847 1076 μέγαθος,
884 992 1156 1073 ἐχομένην
1187 996 1290 1068 τῆς
1322 992 1574 1074 μεγάλης
1614 992 1965 1069 οἰκοδόμησε.

374 1083 579 1142 ἑστᾶσι
604 1083 665 1143 δὲ
691 1084 783 1143 ε’πὶ
817 1082 1007 1159 λόφου
1030 1085 1133 1143 τοῦ
1157 1080 1327 1141 αὐτοῦ
1353 1080 1685 1158 ἀμφότεραι,
1713 1079 1968 1157 μάλιστα

374 1172 432 1230 ές
476 1170 671 1231 ἑκατόν
714 1170 891 1235 πόδας
941 1169 1185 1248 ὖψηλοῦ.
1266 1170 1618 1245 βασιλεῦσαι
1663 1168 1723 1227 δὲ
1770 1168 1966 1248 ἔλεγον

374 1259 650 1333 Χεφρῆνα
676 1258 739 1327 ἓξ
762 1258 854 1317 καὶ
878 1256 1224 1333 πεντήκοντα
1250 1256 1388 1316 ἔτεα.
1451 1259 1641 1316 Ταῦτα
1665 1256 1728 1326 ἔξ
1749 1281 1811 1315 τε
1831 1256 1923 1315 καὶ
1944 1259 2056 1314 128

374 1343 570 1404 ἐκατόν
594 1346 913 1426 λογίζονται
943 1346 1081 1415 ἔτεα,
1112 1350 1172 1405 έν
1195 1347 1350 1404 τοῖσι
1374 1344 1739 1425 Αἰγυπτίοισί
1765 1368 1830 1403 τε
1861 1347 1964 1403 πᾶ·-

372 1456 485 1491 σαν
532 1432 671 1493 εἶναι
718 1432 996 1510 κακότητα
1042 1434 1133 1492 καὶ
1186 1430 1259 1493 τὰ
1307 1432 1400 1509 Epo)
1443 1430 1649 1511 χρόνου
1692 1430 1967 1492 τοσούτου

372 1522 855 1597 κατακληῖσθέντα
893 1521 992 1581 οὖκ
1033 1520 1380 1599 ἀνοιχθῆναι.
1460 1519 1690 1584 τούτους
1728 1518 1838 1580 ὖπό
1876 1519 1965 1596 μί-

369 1632 503 1671 σεος
540 1609 606 1669 οὖ
646 1609 823 1688 κάρτα
863 1608 1097 1670 θέλουσι
1131 1606 1430 1689 Αἰγύπτιοι
1467 1605 1776 1684 ὀνομάζειν,
1809 1606 1966 1667 σῖλλιί

369 1697 462 1756 καὶ
504 1697 605 1761 τὰς
647 1697 962 1776 πυραμίδας
1002 1695 1273 1757 καλέουσι
1317 1693 1580 1772 ποιμένος
1625 1695 1963 1766 Φιλιτίωνος,

373 1782 431 1847 ὃς
459 1788 659 1846 τοῦτον
687 1786 789 1847 τόν
826 1784 1031 1865 χρόνον
1071 1783 1228 1867 ἔνεμε
1267 1782 1468 1859 κτήνεα
1506 1780 1648 1843 κατὰ
1679 1786 1855 1843 ταῦτα
1891 1782 1964 1843 τιὶ

494 1873 512 1893 ,

366 1895 563 1949 χωρια.

449 1960 612 2021 Μετσῖ
637 1960 697 2020 δὲ
726 1963 942 2031 τοῦτον,
968 1960 1322 2035 βασιλεῦσαι
1359 1961 1646 2039 Αἰγυπτου
1681 1959 1921 2033 Μυκερῖ-
1941 1959 2054 2018 129

366 2070 465 2107 νον
508 2048 703 2128 ἔλεγον
742 2047 965 2110 Χέοπος
1006 2046 1198 2105 παῖδα·
1249 2050 1329 2126 τῷ
1360 2046 1434 2106 τὰ
1471 2047 1576 2123 μὲν
1608 2047 1712 2105 τοῦ
1752 2044 1963 2120 πατρὸς

368 2134 505 2211 ἔργα
530 2132 776 2194 ἀπαδεῖν·
815 2133 916 2195 τόν
942 2134 1001 2193 δὲ
1024 2133 1097 2194 τό.
1120 2160 1183 2195 τε
1212 2134 1302 2213 ἱρὰ
1329 2133 1545 2204 ἀνοῖξαι
1573 2132 1664 2191 καὶ
1688 2130 1789 2192 τᾶν
1813 2130 1959 2193 λεαῖν

366 2222 695 2296 τετρυμένον
731 2226 786 2285 ἐς
818 2221 885 2281 το
927 2222 1170 2300 ἔσχατον
1206 2226 1376 2282 κακοῦ
1413 2220 1621 2281 ἀνεῖναι
1654 2219 1794 2296 πρὸς
1824 2220 1958 2301 ἔργα

366 2332 429 2365 τε
454 2308 545 2367 καὶ
572 2309 787 2373 θυσίας·
816 2308 969 2373 δίκας
988 2308 1051 2369 δέ
1072 2315 1187 2385 σφι
1203 2309 1424 2369 πάντων
1443 2308 1734 2385 βασιλέων
1759 2308 1960 2367 διιῖαιο·

364 2394 535 2460 τάτας
560 2397 781 2474 κρίνειν.
862 2396 1005 2457 κατοί
1030 2401 1200 2457 τοῦτο
1223 2397 1328 2473 μέν
1359 2423 1456 2458 νυν
1482 2396 1548 2457 τό
1579 2398 1755 2477 ἔργον,
1784 2395 1956 2458 οἷπάν·

363 2508 472 2543 των
496 2483 627 2545 ὅσοι
650 2484 757 2561 ἤδη
781 2486 1051 2562 βασιλέες
1072 2486 1326 2565 ἐγένοντο
1353 2485 1686 2565 Αἰγυπτίων,
1709 2485 1956 2545 αἰνέουσι

362 2571 619 2647 μάλιστα
641 2578 858 2634 τοῦτον·
896 2573 970 2634 τα’
993 2598 1057 2634 τε
1090 2571 1244 2631 ἄλλα
1268 2572 1378 2653 γάρ
1405 2598 1501 2649 μιν
1528 2572 1729 2650 κρίνειν
1757 2571 1832 2642 εὖ,
1864 2573 1956 2631 καὶ

364 2658 433 2735 δή
470 2661 561 2720 καὶ
592 2666 669 2741 τῷ
702 2662 1133 2740 ἐπιμεμφομένῳ
1166 2666 1226 2719 ἐκ
1265 2663 1367 2736 τῆς
1407 2660 1560 2736 δίκης
1597 2658 1728 2736 παρ’
1755 2662 1955 2719 ἑωυτοῦ

362 2746 583 2809 διδόντα
647 2748 818 2821 ἄλλα,
870 2747 1304 2825 ἀποπιμπλάναι
1371 2746 1541 2808 αὐτοῦ
1605 2746 1704 2808 τᾶν
1758 2746 1954 2825 θυμόν.

363 2834 508 2895 ἐόντι
532 2836 592 2897 δὲ
615 2836 763 2916 ἠπίῳ
785 2840 863 2917 τῷ
895 2838 1188 2915 Μυκερίνῳ
1221 2833 1362 2895 κατοί
1396 2835 1527 2899 τοῦς
1561 2834 1836 2911 πολιήτας
1860 2836 1954 2894 καὶ

358 2926 536 2983 ταῦτα
576 2924 945 3001 ἐπιτηδεύοντι
983 2928 1203 3002 πρῶτον
1239 2926 1420 2984 κακῶν
1453 2922 1615 3001 ἄρξαι
1653 2922 1756 2999 τὴν
1788 2923 1952 3004 θυγα-

359 3012 495 3087 τέρα
539 3011 934 3073 ἀποθανοῦσαν
976 3011 1164 3082 αὖτοῦ,
1215 3011 1317 3087 τήν
1360 3011 1569 3087 ’μοῦνόν
1616 3013 1669 3070 οἰ
1710 3009 1850 3069 εἶναι
1893 3014 1952 3069 ἐν

357 3100 514 3159 τοῖσι
548 3102 774 3161 οἰκίοισι
805 3100 1015 3160 τέκνον·
1056 3097 1157 3159 τον
1189 3099 1248 3159 δὲ
1283 3095 1762 3179 ὕπεραλγήσαντά
1791 3120 1854 3154 τε
1876 3100 1955 3175 τῷ

358 3190 793 3265 περιεπεπτώκεε
827 3187 1133 3268 πρήγματι,
1161 3186 1256 3246 καὶ
1290 3183 1646 3262 βουλόμενον
1685 3182 1952 3259 περισσό·

356 3274 520 3353 τερόν
536 3302 593 3338 τι
614 3280 725 3339 τῶν
743 3273 937 3335 ἄλλων
956 3272 1136 3352 θάψαι
1159 3270 1265 3349 τήν
1291 3269 1584 3350 θυγατέρα,
1601 3266 1955 3343 ποιήσασθαι
