2267 3517
322 173 391 221 86
950 171 1318 223 ἮΡοΔοτοτ
1855 172 1926 237 [1.

324 253 516 329 Κᾶρες
540 248 943 328 ἀποδεξάμενοι
970 248 1129 311 οῦδὲν
1154 249 1283 311 οὔτε
1316 248 1448 311 ὅσοι
1479 242 1770 327 Ἑλλήνων
1797 251 1930 312 ταῦ-

320 364 425 415 την
456 336 561 414 τήν
593 337 782 419 χώρην
816 338 1076 399 οἰκέουσι.
1163 339 1408 398 οἰκέουσι
1433 339 1494 399 δὲ
1520 339 1611 399 καὶ
1636 337 1810 399 ἄλλοι
1835 340 1929 400 καὶ

318 423 834 503 Δακεδαιμονίων
796 451 1021 486 αποικοι
1053 426 1288 499 Κνίδιοι,
1314 429 1414 502 τῆς
1442 426 1628 505 χῶρης
1660 430 1761 503 τῆς
1784 434 1929 505 σφε-

319 515 483 593 τέρης
521 513 900 591 τετραμμένης
940 518 999 577 ἐς
1037 512 1261 585 πόντον,
1304 512 1582 593 ἀργμένης
1624 514 1686 573 δὲ
1728 519 1790 574 ἐκ
1826 518 1931 592 τῆς

318 601 676 683 χερσονήσου
700 605 801 677 τῆς
816 601 1159 678 Βυβασσίης
1181 599 1248 661 τό
1275 600 1344 675 δὴ
1364 599 1630 678 Τριόπιον
1649 602 1927 674 καλέεται,

322 690 523 766 ἐούσης
551 715 613 751 τε
644 687 833 765 πάσης
864 687 988 771 [τῆς
1018 686 1291 770 Κνιδίης,]
1327 687 1480 763 πλήν
1505 688 1704 771 ὀλίγης
1740 716 1928 768 περιρ·
2007 760 2014 767 ,

318 776 473 857 ρόου·
506 777 602 860 (τά
624 780 729 855 μὲν
752 776 864 859 γὰρ
887 776 1057 855 αὐτῆς
1083 775 1223 854 πρὸς
1246 778 1433 853 βορῆν
1456 774 1661 854 ἄνεμον
1685 776 1719 837 ὁ
1747 782 1928 856 Κερα-

321 864 516 944 μεικός
556 864 771 929 κόλπος
810 863 1056 946 ἀπέργει,
1096 863 1171 924 τοὶ
1218 863 1279 922 δὲ
1323 862 1463 941 πρός
1501 864 1665 925 νότον
1703 864 1742 943 ἦ
1786 866 1932 927 κατά

319 952 514 1031 Σύμην
551 979 616 1014 τε
656 954 750 1012 καὶ
789 952 985 1013 Ῥόδον
1026 950 1346 1031 θάλασσα·)
1393 950 1460 1012 τό
1502 951 1576 1013 ὧν
1619 951 1689 1029 δὴ
1729 951 1931 1036 ὀλίγον

317 1045 501 1113 τοῦτο,
544 1040 636 1101 ε’ὂν
679 1040 819 1101 ὅσον
858 1066 922 1102 τε
964 1040 1057 1100 ἐπὶ
1096 1040 1264 1100 πέντε
1306 1037 1526 1109 στάδια,
1569 1038 1831 1118 ὤρυσσον
1872 1044 1930 1103 οἶ

316 1130 537 1191 Κνίδιοι
567 1136 626 1190 ἐν
657 1128 775 1209 ὅσῳ
793 1128 1091 1210 Ἅρπαγος
1119 1126 1224 1204 τὴν
1254 1125 1470 1203 Ἰωνίην
1493 1129 1926 1206 κατεστρέφετο,

315 1217 663 1296 βουλόμενοι
682 1222 859 1293 νῆσον
875 1216 979 1293 τήν
998 1215 1190 1295 χώρην
1214 1218 1471 1291 ποιῆσαι·
1505 1214 1660 1279 ε’ντός
1679 1216 1740 1277 δὲ
1763 1216 1929 1278 πᾶσά

318 1310 485 1382 σφι’
458 1307 688 1388 εγίνετο·
728 1309 802 1383 τῇ
823 1303 935 1386 γάρ
970 1304 1010 1380 ἦ
1047 1303 1249 1379 Κνιδίη
1279 1301 1434 1382 χώρη
1472 1307 1528 1366 ἐς
1559 1302 1664 1379 τὴν
1693 1301 1928 1382 ἤπειρον

314 1396 567 1472 τελευτᾷ,
594 1390 769 1471 ταύτῃ
804 1391 837 1451 ὁ
875 1389 1079 1467 ἰσθμός
1114 1394 1240 1450 ἐστι
1273 1389 1372 1449 τὸν
1405 1415 1684 1467 ωρυσσον·
1725 1393 1820 1451 καὶ
1856 1393 1928 1470 δη

315 1482 511 1559 πολλῇ
546 1479 695 1559 χειρὶ
730 1477 1111 1560 ἐργαζομένων
1141 1481 1253 1537 τῶν
1279 1476 1532 1548 Κνιδίων,
1558 1481 1787 1555 μᾶλλον
1811 1480 1927 1562 γάρ

315 1592 373 1628 τι
408 1568 501 1627 καὶ
533 1564 813 1642 θειότερον
848 1566 1145 1643 ἐφαίνοντο
1171 1562 1586 1642 τιτρώσκεσθαι
1616 1568 1674 1625 οἱ
1700 1568 1926 1649 ἐργαζό-

312 1680 473 1733 μενοι
515 1658 618 1715 τοῦ
665 1651 881 1716 οἰκότος
918 1651 991 1713 τά
1040 1677 1106 1712 τε
1153 1650 1308 1711 ἄλλα
1355 1656 1458 1713 τοῦ
1519 1651 1780 1730 σώματος
1831 1657 1928 1717 καὶ

312 1742 573 1822 μάλιστα
608 1741 683 1803 τοὶ
721 1741 852 1819 περὶ
889 1738 1020 1804 τοῦς
1057 1738 1396 1817 ὄφθαλμούς
1435 1740 1781 1820 θραυομένης
1822 1748 1928 1820 τῆς

312 1832 535 1911 πέτρης,
562 1832 811 1907 ἔπεμπον
835 1833 893 1892 ἐς
918 1826 1188 1904 Δελφοῦς
1213 1827 1557 1905 θεοπρόπους
1582 1833 1926 1908 ἐπερησομέ-

312 1946 441 1983 νους
462 1946 530 1981 το
514 1917 831 1987 ἀντίξοον·
870 1916 909 1995 ἦ
943 1916 1004 1977 δὲ
1031 1916 1221 1991 Πυθίη
1256 1922 1386 1991 σφι,
1415 1941 1486 1980 ως
1517 1915 1676 1976 αὐτοὶ
1701 1919 1925 1980 Κνίδιοι

312 2008 569 2107 λέγουσι,
594 2010 710 2088 χρᾷ
738 2010 797 2066 ἐν
821 2005 1094 2084 τριμέτρω
1116 2002 1259 2063 τόνω
1283 2002 1436 2063 τάδε·

616 2116 790 2167 Ἰσθμὸν
812 2116 857 2158 δᾶ
880 2113 940 2167 μὴ
972 2114 1193 2167 πυργοῦτε,
1218 2112 1313 2165 μήδ’
1336 2112 1557 2165 ὃρυσσετε·

619 2176 721 2219 Ζεὺς
747 2172 829 2227 γάρ
856 2172 895 2214 κ’
916 2173 1035 2223 ἔθηκε
1062 2172 1210 2223 νῆσον,
1237 2170 1276 2213 εἶ
1302 2170 1340 2212 κ’
1367 2171 1584 2222 ε’βούλετο

235 2272 249 2287 ’
311 2265 534 2326 Κνῶιοι
575 2265 699 2342 μὲν,
743 2266 920 2322 ταῦτα
960 2265 1066 2336 τῆς
1104 2261 1323 2337 Πυθίης
1359 2261 1676 2339 χρησάσης,
1717 2288 1821 2325 του
1857 2254 1926 2327 τε

312 2350 628 2432 ὀρύγματος
668 2349 987 2409 ἐπαύσαντο
1028 2348 1122 2406 καὶ
1152 2346 1420 2428 Αρπάγῳ
1461 2348 1670 2410 ἐπιόντι
1705 2374 1816 2411 συν
1845 2362 1928 2433 τῷ

222 2438 334 2499 175
353 2440 578 2514 στρατῷ
614 2435 868 2544 ἀμαχητί
878 2438 1103 2540 -.σφεας
1105 2430 1305 2496 αὐτους
1328 2435 1666 2511 παρέδοσαν.
1719 2437 1926 2501 Ἠσαν

315 2526 376 2583 δὲ
415 2523 712 2600 Πηδασέες
752 2525 1029 2582 οἰκοῦντες
1068 2518 1210 2596 ὖπερ
1247 2518 1706 2599 Ἁλικαρνησσοῦ
1747 2528 1924 2603 μεσό-

310 2636 493 2693 γαιαν·
550 2612 707 2670 τοῖσι
746 2606 884 2671 ὅκως
920 2631 979 2667 τι
1016 2605 1227 2683 μέλλοι
1267 2604 1624 2683 ἀνεπιτήδεον
1665 2613 1922 2686 ἔσεσθαι,

311 2698 540 2759 αυτοῖσί
563 2720 627 2755 τε
658 2694 751 2753 καὶ
783 2698 939 2755 τοῖσι
974 2693 1325 2770 περιοίκοισι,
1357 2692 1398 2769 ἦ
1431 2697 1597 2773 ἲερείη
1627 2703 1730 2775 τῆς
1752 2699 1923 2779 Ἀθη-

310 2787 466 2861 ναίης
500 2782 739 2864 πώγωνα
767 2782 947 2863 μέγαν
980 2780 1153 2859 ἴσχει·
1192 2780 1314 2855 τρίς
1343 2786 1455 2857 σφι
1487 2786 1652 2845 τοῦτο
1679 2787 1922 2869 ἐγένετο·

310 2897 465 2934 ουτοι
494 2875 607 2932 τῶν
644 2869 775 2946 περὶ
806 2868 1025 2946 Καρίην
1058 2866 1275 2944 ἀνδρῶν
1305 2869 1508 2943 μοῦνοί
1540 2895 1604 2930 τε
1641 2872 1924 2953 ἀντέσχον

307 2961 513 3041 χρόνον
550 2956 819 3037 Ἀρπάγω
860 2956 951 3015 καὶ
989 2952 1296 3035 πρήγματα
1326 2979 1617 3034 παρεσχον
1651 2964 1922 3035 πλεῖστα,

308 3048 438 3129 ὅρος
460 3047 808 3127 τειχίσαντες
831 3046 911 3120 τῷ
934 3039 1146 3117 ουνομά
1170 3046 1294 3101 ε’στι
1318 3041 1483 3116 Λίδη.

217 3137 331 3198 176
430 3132 729 3213 Πηδασέες
767 3155 873 3207 μεν
905 3154 1004 3189 νυν
1032 3126 1214 3207 χρόνω
1253 3128 1635 3205 ἐξαιρέθησαν.
1718 3134 1925 3197 Λύκιοι

312 3226 387 3297 δὲ,
430 3252 503 3290 ως
543 3228 600 3286 ἐς
637 3218 705 3281 τὰ
744 3216 990 3281 Ξάνθιον
1013 3215 1204 3275 πεδίον
1231 3215 1476 3292 ἤλασε“
1444 3243 1475 3276 ο
1498 3217 1795 3301 Ἅρπαγος
1818 3224 1926 3286 φὰν

306 3312 569 3391 πρῶ-ὂν,
594 3303 911 3377 «ὑπεξιόντες
941 3303 1036 3363 καὶ
1064 3302 1376 3383 μαχόμενοι
1400 3301 1586 3386 ὀλίγοι
1610 3306 1754 3383 πρός
1775 3314 1924 3371 πολ-
