2267 3517
379 128 460 189 31,
489 124 578 192 32]
1085 126 1312 177 mmo.
1925 127 1987 177 ιε

377 204 412 266 ὅ
445 206 508 265 δὲ
543 204 682 265 εἶπε·
721 203 812 264 “a”
835 208 1070 283 Κροῖσε,
1097 204 1468 282 ἐπιστάμενόν
1496 229 1570 283 με
1598 204 1667 267 τό
1700 204 1851 267 θεῖον
1872 207 1988 267 πᾶν

379 289 472 353 &v
486 290 763 370 φθονερόν
775 318 838 352 τε
858 293 950 352 καὶ
962 292 1294 372 ταραχῶδες,
1312 297 1608 371 ἐπειρωτᾷς
1627 290 1984 370 ἆνθρωπηΐων

375 379 715 459 πρηγμάτων
739 380 890 456 πτέρις
928 384 987 439 ἐν
1009 379 1122 459 γὰρ
1144 383 1222 457 τῷ
1245 384 1439 458 μακρῷ
1461 378 1643 458 χρόνῳ
1660 378 1854 438 πολλοὶ
1878 380 1985 455 μέν

379 472 502 527 ἐστι
539 466 698 528 ἰδέειν
727 465 800 525 τὰ
828 467 910 543 μή
940 492 1026 530 τις
1061 468 1261 535 ἐθέλει,
1286 465 1481 526 πολλὰ
1516 466 1577 525 δὲ
1613 466 1705 526 καὶ
1734 466 1981 526 παθέειν.

377 558 434 617 ἐς
468 580 578 635 γαρ
619 552 1074 631 ἐβδομήκοντα”
1044 578 1171 613 ετεα
1209 578 1375 631 ουρον
1410 557 1513 629 τῆς
1546 551 1675 628 ζόης
1714 550 1982 633 ἀνθρώπω
2084 598 2091 607 .

373 642 696 718 προτίθημι·
737 637 892 701 οὗτοι
917 638 1098 703 ἐόντες
1121 640 1361 700 ἐνιαυτοὶ
1385 638 1787 716 ἐβδομήκοντα,
1812 640 1979 717 παρέ-

372 752 571 807 χονται
590 728 802 805 ἡμέρας
825 726 1112 804 διηκοσίας
1137 726 1230 786 καὶ
1258 726 1717 805 πεντακισχιλίας
1740 726 1833 786 καὶ
1858 726 1975 787 δισ-

372 815 588 892 μυρίας·
633 813 978 896 [ἐμβολίμου
1012 838 1187 890 μηνος
1218 812 1300 890 μὴ
1334 813 1647 894 γινομένου.
1730 816 1779 873 εἰ
1812 812 1873 873 δὲ
1906 812 1977 889 δή

374 900 634 977 ἐθελήσει
661 900 922 979 τοῦτερον
953 904 1066 961 τῶν
1097 899 1259 961 ἐτέων
1291 900 1425 978 μηνὶ
1459 899 1801 978 μακρότερον
1831 901 1977 980 γίνε-

373 989 528 1059 σθαι,
556 989 644 1049 ἵνα
661 987 732 1064 δή
751 992 812 1048 αἱ
837 986 974 1066 ὧραι
997 987 1362 1064 συμβαίνωσι
1379 986 1815 1067 παραγινόμεναι
1834 992 1889 1051 ἐς
1906 987 1974 1049 vd

374 1072 514 1146 δέον,
539 1080 709 1153 μῆνες
731 1078 835 1152 μὲν
857 1073 1012 1153 παρὰ
1034 1074 1108 1135 τὰ
1138 1072 1525 1151 ἐβδομήκοντα
1558 1073 1681 1133 ἔτεα
1712 1077 1765 1133 οἱ
1802 1074 1974 1152 ἐμβό-

371 1164 533 1238 λιμοι
569 1163 816 1242 γίνονται
855 1161 1151 1239 τριήκοντα
1188 1161 1373 1222 πέντε·
1417 1160 1621 1239 Ιἡμέραι
1666 1160 1727 1220 δὲ
1766 1165 1826 1220 ἐκ
1863 1165 1975 1224 τῶν

372 1252 562 1324 μηνῶν
609 1245 833 1318 τούτων,
881 1250 1066 1327 χίλιαι
1111 1246 1497 1329 πεντήκοντα.]
1562 1248 1799 1309 τουτέων
1841 1247 1975 1330 [τῶν

373 1332 638 1395 ἅπασέων
645 1331 905 1412 ἡμερέων,
921 1338 1030 1397 τῶν
1041 1340 1097 1399 ἐς
1109 1362 1183 1396 τα
1162 1334 1627 1413 εβδομήκοντα”
1598 1360 1721 1396 ετεα
1737 1334 1974 1399 ἐουσέων

372 1420 714 1498 πεντήκοντα
737 1421 830 1481 καὶ
853 1422 1161 1499 διηκοσίων
1174 1422 1267 1482 καὶ
1292 1423 1711 1502 ἑξακισχιλιέων
1735 1423 1827 1483 καὶ
1851 1422 1971 1484 δισ-

369 1509 648 1591 μυριέων],
667 1534 704 1585 η
733 1509 888 1588 ἐτέρη
906 1508 1114 1570 αὐτέων
1133 1513 1210 1588 τῇ
1234 1511 1391 1590 ἐτέρῃ
1413 1509 1595 1590 ἡμέρῃ
1618 1535 1685 1570 το
1709 1536 1973 1589 παραπαν

371 1595 582 1657 σῦδὲν“
549 1599 746 1675 ομοῖον
769 1620 1048 1677 προσαγει
1078 1601 1333 1677 πρῆγμα.
1376 1596 1516 1657 οὕτω
1541 1596 1631 1668 ὧν,
1660 1624 1703 1657 ω
1735 1602 1969 1676 Κροῖσε,

368 1687 480 1745 πᾶν
495 1688 618 1745 ἐστι
631 1682 918 1761 ανθρωπος
932 1684 1223 1761 συμφορή.
1257 1684 1381 1761 ἐμοὶ
1397 1683 1457 1744 δὲ
1472 1708 1547 1745 συ
1564 1685 1657 1745 καὶ
1675 1685 1969 1748 πλουτέειν

367 1796 471 1847 μεν
492 1773 641 1853 μέγα
660 1772 900 1848 φαίνεαι,
921 1771 1014 1831 καὶ
1036 1771 1317 1847 βασιλεῦς
1341 1770 1481 1832 εἶναι
1502 1775 1736 1833 πολλῶν
1759 1771 1964 1851 ἀνθρώ-

367 1882 502 1919 πων·
545 1862 718 1920 ἐκεῖνο
751 1859 812 1919 δὲ
839 1858 908 1918 τὰ
944 1856 1088 1936 εἴρεό
1109 1883 1201 1935 με,
1228 1856 1371 1928 οὔκω
1401 1882 1473 1919 σε
1504 1857 1612 1939 ἐγώ
1642 1859 1807 1941 λέγω,
1835 1862 1967 1938 πρὶν

367 1942 436 2005 αν
455 1945 872 2057 τελευτήσαντα
902 1948 1087 2008 καλῶς
1107 1944 1210 2006 τᾶν
1240 1948 1411 2005 amm
1441 1945 1717 2022 πύθωμαι·
1759 1945 1825 2006 οὗ
1854 1947 1966 2026 γάρ

367 2116 710 2195 ὀλβιώτερός
754 2124 893 2189 ἐστι,
934 2122 986 2178 εἰ
1001 2117 1116 2196 μή
1156 2143 1213 2178 οι
1246 2115 1391 2196 τῦχη
1433 2118 1745 2187 ἐπίσποιτο,
1786 2144 1969 2181 παντα

368 2203 518 2263 καλοὶ
537 2204 734 2283 ἔχοντα
757 2209 1092 2282 τελευτῆσαι
1117 2230 1177 2263 ευ
1193 2203 1296 2265 τᾶν
1316 2203 1464 2279 βίον.
1506 2204 1719 2265 πολλοὶ
1735 2230 1838 2282 μεν
1854 2205 1966 2287 γὰρ

365 2290 670 2361 ζάπλουτοι
685 2290 981 2368 οἷνθρωπων
996 2290 1265 2368 οἶνόλβιοί
1275 2295 1405 2351 εἰσι·
1429 2292 1642 2352 πολλοὶ
1659 2292 1719 2352 δὲ
1734 2294 1966 2371 μετρίως

366 2378 586 2456 ἔχοντες
626 2378 762 2454 βίου
813 2376 1078 2457 εὐτυχέες·
1130 2377 1165 2439 ὁ
1214 2379 1321 2457 μὲν
1369 2376 1438 2455 δὴ
1480 2380 1631 2461 μέγα
1672 2380 1963 2453 πλούσιος,

365 2463 638 2541 ἀνόλβιος
670 2465 746 2535 δὲ,
779 2464 964 2525 δυοῖσι
996 2466 1225 2545 προέχει
1258 2470 1359 2526 τοῦ
1399 2465 1653 2546 εὐτυχέος
1684 2466 1964 2544 μούνοισι·

367 2575 528 2615 ουτος
551 2552 610 2611 δὲ
631 2556 732 2611 τοῦ
756 2552 1036 2613 πλουσίου
1061 2553 1156 2612 καὶ
1179 2550 1453 2630 ἀνολβίου
1476 2556 1772 2614 πολλοῖσι·
1804 2582 1837 2613 ο
1820 2553 1967 2631 ’μὲν

367 2638 658 2717 ἐπιθυμίην
677 2640 968 2699 ἐκτελέσαι
986 2638 1134 2699 καῖ’
1097 2664 1237 2715 ατην
1249 2638 1505 2720 μεγάλην
1521 2645 1966 2718 προσπεσοῦσαν

367 2726 567 2785 ἐνεῖκαι
605 2724 988 2804 δυνατώτερος·
1034 2753 1067 2786 ο
1107 2725 1169 2785 δὲ
1211 2725 1426 2786 τοισίδε
1466 2727 1695 2807 προέχει
1738 2729 1963 2791 ἐκείνου·

366 2834 506 2885 ατην
536 2814 640 2887 μὲν
679 2813 770 2872 καὶ
809 2813 1102 2890 ἐπιθυμίην
1137 2838 1237 2873 ουκ
1277 2812 1479 2890 ὁμοίως
1518 2814 1745 2879 δυνατὰς
1782 2816 1965 2897 ἐκείνῳ

367 2899 584 2967 ἐνεῖκαι,
616 2902 791 2959 ταῦτα
829 2898 958 2959 ὃε“
918 2926 958 2975 η
991 2898 1228 3005 εὐτυχίη,
1254 2926 1309 2959 οι
1342 2899 1617 2979 ἀπερύκει·
1660 2901 1871 2981 ἄπηρος
1904 2904 1965 2964 δε

366 2984 507 3054 ἐστὶ,
540 3011 791 3056 ανουσος,
824 2985 1045 3063 ἅπαθης
1077 3012 1277 3058 κακων,
1312 3013 1517 3058 ευπαις,
1555 2986 1779 3065 ευειὸής·
1822 2995 1872 3050 εἶ
1905 2990 1965 3049 δὲ

364 3070 506 3150 πρός
521 3071 770 3133 τούτοισι
789 3074 868 3133 ἔτι
884 3071 1211 3150 τελευτήσει
1226 3072 1326 3134 τόν
1339 3073 1550 3150 βίου’
1493 3100 1569 3145 ευ,
1586 3072 1746 3138 οὗτος
1763 3078 1967 3139 ἐκεῖνος

361 3159 463 3221 τᾶν
494 3158 572 3221 σι)
604 3160 784 3235 ζητεῖς
816 3159 1018 3237 ὄλβιος
1049 3162 1363 3236 κεκλῆσθαι
1392 3158 1545 3229 ἄξιός
1581 3166 1720 3219 ἐστι·
1761 3161 1893 3234 πρὶν
1918 3160 1965 3219 δ’

362 3244 432 3309 ἂν
447 3246 779 3327 τελευτήσῃ,
800 3246 1097 3327 ἐπιο-χέειν,
1112 3246 1255 3324 μηδὲ
1281 3246 1500 3305 καλέειν
1519 3270 1595 3303 κω
1613 3242 1817 3319 ὄλβιον
1834 3242 1967 3304 ἀλλ’
