2267 3517
362 138 461 185 100
977 136 1352 186 ἨΡοΔοτοΤ
1685 160 1691 166 -
1891 136 1961 202 [1.

358 212 565 293 χρόνον
588 212 814 273 πολλόν
836 214 1223 289 προσμένουσι
1250 212 1316 272 οὗ
1344 212 1640 290 δυνάμεναι
1664 213 1766 275 τόν
1791 213 1968 292 νόμον

359 303 661 376 ἐκπλῆσαι·
702 300 795 359 καὶ
818 300 931 381 γσῖρ
950 300 1168 377 τριέτεα
1188 300 1280 359 καὶ
1300 301 1592 378 τετραέτεα
1616 302 1967 380 μετεξέτεραι

356 386 559 468 χρόνον
598 388 852 464 μένουσι.
935 391 1129 467 ἐνιαχῆ
1173 386 1234 447 δὲ
1271 388 1368 447 καὶ
1411 392 1514 464 τῆς
1560 387 1796 466 Κύπρου
1839 391 1964 452 ἐστὶ

355 474 755 552 παραπλήσιος
778 473 955 554 τούτῳ
982 474 1172 550 νόμος.

262 566 379 624 200
447 561 635 639 Νόμοι
680 564 784 639 μὲν
830 562 899 637 δὴ
944 567 1098 622 τοῖσι
1145 562 1568 640 Βαβυλωνίοισι
1613 562 1768 623 οὗτοι
1805 588 1962 625 κατε-

358 650 581 711 στέασι.
667 649 778 709 εἰσὶ
804 650 863 709 δὲ
890 643 1070 709 αύτῶν
1095 651 1326 727 πατριαὶ
1351 653 1514 727 τρεῖς,
1543 650 1603 709 αἲ
1628 649 1785 711 οὐδὲν
1810 650 1962 712 ἄλλο

356 737 634 799 σιτέονται
661 741 709 797 εἰ
731 736 812 812 μὴ
840 737 997 816 ἰχθῦς
1021 741 1248 813 μοῦνον·
1286 737 1416 801 τοῦς
1443 737 1568 797 ἐπεί
1586 764 1648 798 τε
1673 737 1743 799 ἂν
1770 739 1961 816 θηρεύ-

353 852 555 889 σαντες
592 823 839 903 αὖήνωσι
879 825 1020 901 πρὸς
1060 824 1240 901 ἥλιον,
1275 829 1500 885 ποιεῦσι
1544 825 1694 886 τάδε·
1742 826 1960 903 ἐσβάλ-

352 918 524 975 λουσι
564 918 619 977 ἐς
662 912 856 988 ὅλμον,
906 912 999 972 καὶ
1040 911 1338 991 λεήναντες
1377 912 1638 989 ύπέροισι
1678 918 1829 975 σῶσι
1867 914 1960 976 διὰ

350 1000 621 1065 σινδόνος·
664 1001 757 1061 καὶ
789 1000 853 1064 ὃς
888 1002 992 1077 μὲν
1018 998 1088 1062 ἂν
1126 999 1410 1077 βούληται
1437 999 1617 1060 αὖτ’-ὥν
1641 999 1740 1061 ἅτε
1776 1000 1959 1077 μάζαν

349 1089 718 1168 μαξάμενος”
690 1114 820 1169 εχει,
848 1088 880 1148 ὁ
907 1086 1032 1147 δὲ’
994 1114 1164 1165 αρτου
1188 1087 1399 1166 τρόπον
1425 1086 1698 1164 ὀπτησας.

256 1180 368 1238 201
430 1176 528 1241 Ὡς
553 1178 614 1238 δὲ
637 1181 715 1256 τῷ
750 1175 919 1255 Κύρῳ
961 1178 1053 1235 καὶ
1085 1179 1255 1237 τοῦτο
1280 1175 1347 1237 τό
1389 1176 1545 1239 ἔθνος
1587 1176 1954 1258 κατέργαστο,

350 1264 669 1342 ἐπεθύμησε
694 1262 1147 1345 Μασσαγέτας“
1111 1262 1205 1323 υπ’
1232 1267 1409 1342 ἑωυτῷ
1434 1262 1954 1339 ποιήσασθαι.τό

324 1352 411 1411 δὲ
436 1353 588 1415 ἔθνος
607 1354 775 1412 τοῦτο
796 1351 889 1410 καὶ
903 1352 1052 1431 μέγα
1070 1352 1299 1433 λέγεται
1325 1351 1466 1411 εἶναι
1492 1353 1584 1411 καὶ
1603 1352 1858 1429 ἄλκιμον,
1877 1359 1951 1415 οἷ-

348 1438 585 1515 κημένον
612 1439 676 1497 δὲ.
696 1437 838 1515 πρός
861 1437 945 1514 ἠῶ
964 1464 1027 1498 τε
1052 1439 1146 1497 καὶ
1171 1437 1338 1514 ἡλίου
1359 1438 1635 1504 ἀνατολὰς
1659 1442 1834 1517 πέρην
1851 1446 1953 1503 τοῦ

345 1524 590 1603 Ἀράξεω
616 1530 890 1602 ποταμοῦ,
919 1524 1108 1586 ἀντίον
1136 1526 1195 1586 δὲ
1213 1524 1555 1602 Ἰσσηδόνων
1581 1526 1810 1605 ἀνδρῶν.
1840 1531 1952 1601 εἶσὶ

345 1614 405 1674 δὲ
432 1613 651 1677 οἵτινες
672 1614 765 1672 καὶ
786 1612 1056 1677 Σκυθικόν
1072 1613 1310 1693 λέγουσι
1333 1618 1500 1675 τοῦτο
1524 1614 1592 1676 τό
1621 1616 1774 1680 ἔθνος
1791 1616 1948 1679 εἶναι.

250 1705 368 1764 202
425 1700 494 1761 ‘0
542 1701 603 1761 δὲ
646 1699 887 1778 Ἀράξης
931 1701 1158 1781 λέγεται
1198 1701 1290 1760 καὶ
1334 1702 1512 1779 μέζων
1555 1704 1647 1762 καὶ
1687 1703 1949 1768 ἐλάσσων

345 1790 483 1850 εἶναι
506 1793 609 1850 τοῦ
624 1787 875 1867 Ἴστρου·
912 1788 1119 1864 νήσους
1144 1788 1192 1848 δ’
1219 1794 1278 1849 ἐν
1298 1790 1444 1868 αὐτῷ
1461 1791 1676 1871 Λέσβῳ
1699 1791 1948 1874 μεγάθεα

342 1876 745 1955 παραπλησίας
785 1875 997 1957 συχνάς
1041 1884 1191 1954 φασι
1229 1877 1382 1948 εἶναι,
1413 1883 1472 1938 ἐν
1514 1879 1576 1939 δὲ
1611 1879 1816 1959 αὐτῇσι
1855 1880 1944 1944 οἷν-

342 1965 610 2046 θρώπους,
639 1965 693 2025 οἳ
717 1966 1001 2026 σιτέονται
1024 1968 1128 2042 μὲν
1152 1967 1307 2042 ῥίζας
1331 1966 1398 2027 τὸ
1426 1967 1586 2044 θέρος
1609 1966 1946 2044 ὀρύσσοντες

338 2054 621 2125 παντοίας,
649 2053 895 2130 καρπούς
918 2053 979 2113 δὲ
1004 2051 1117 2113 οἷπό
1145 2054 1406 2132 δενδρέων
1425 2055 1812 2133 ἐξευρημένους
1833 2064 1946 2133 σφι

340 2147 397 2207 ἐς
422 2141 657 2220 φορβὴν
684 2141 1081 2203 κατατίθεσθαι
1106 2140 1356 2219 ὥραίους,
1386 2143 1478 2201 καὶ
1502 2142 1730 2206 τούτους
1769 2145 1944 2205 σιτέε-

341 2232 480 2291 σθαι
504 2229 608 2305 τῆν
631 2227 967 2309 χειμερινήν·
1009 2227 1166 2287 ἄλλα
1205 2228 1268 2288 δέ
1307 2236 1422 2306 σφι
1460 2230 1791 2309 ἐξευρῆσθαι
1830 2232 1944 2294 δέν-

343 2317 477 2393 δρεα
502 2315 747 2392 καρποῦς
779 2315 1037 2375 τοιούσδε
1071 2314 1227 2378 τινοὶς
1264 2316 1525 2393 φέροντα,
1550 2319 1696 2388 τούς,
1725 2321 1850 2379 ἐπεί
1881 2347 1946 2382 τε

340 2402 409 2463 ἂν
434 2407 489 2467 ἐς
512 2401 688 2464 τῶυτὸ
714 2402 1034 2463 συνέλθωσι
1060 2401 1203 2462 κατιὶ1
1244 2402 1397 2467 εἴλας
1437 2404 1530 2463 καὶ
1554 2409 1668 2483 πῦρ
1707 2405 1944 2468 ἀνακαύ-

341 2515 566 2561 σωνται,
588 2489 772 2569 κύκλῳ
796 2489 1210 2568 περιῖζομένους
1235 2490 1574 2567 ἐπιβάλλειν
1600 2493 1692 2553 ἐπὶ
1717 2494 1783 2555 τό
1811 2499 1942 2573 πῦρ,

336 2576 817 2655 ὀσφραινομένους
860 2578 919 2637 δὲ
965 2577 1399 2658 καταγιζομένου
1441 2584 1542 2639 τοῦ
1589 2585 1803 2658 καρποῦ
1841 2588 1943 2644 τοῦ

341 2666 795 2743 ἐπιβαλλομένου
820 2663 1207 2742 μεθύσκεσθαι
1237 2670 1310 2744 τῇ
1337 2665 1500 2746 ὀδμῇ,
1529 2668 1775 2746 κατάπερ
1805 2669 1944 2731 Ἕλ-

339 2758 514 2829 ληνας
536 2757 614 2833 τῷ
639 2752 785 2833 οἴνῳ·
844 2756 1081 2817 πλεῦνος
1107 2754 1169 2813 δὲ
1196 2754 1649 2831 ἐπιβαλλομένου
1678 2760 1779 2818 τοῦ
1814 2783 1943 2836 καρ-

341 2844 449 2902 ποῦ
487 2844 716 2919 μᾶλλον
756 2839 1157 2918 μεθύσκεσθαι,
1187 2845 1243 2905 ἐς
1286 2840 1320 2902 ὃ
1363 2846 1418 2905 ἐς
1453 2842 1692 2923 ὄρχησίν
1731 2870 1795 2905 τε
1829 2842 1944 2906 οἰνί-

338 2930 589 2991 στασθαι
642 2928 734 2987 καὶ
787 2933 843 2991 ἐς
894 2926 1088 3003 ἀοιδήν
1141 2926 1518 2990 α’πικνέεσθαι·
1584 2931 1795 2993 τούτων
1838 2935 1944 3010 μὲν

340 3017 481 3095 αὕτη
516 3016 744 3099 λέγεται
776 3016 959 3075 δίαιτα
1001 3014 1160 3076 εἶναι.
1243 3016 1275 3076 ὁ
1318 3017 1378 3076 δὲ
1417 3016 1657 3096 Ἀράξης
1691 3020 1945 3096 ποταμδς

336 3108 449 3185 ῥέει
471 3107 575 3185 μὲν
602 3110 663 3165 ἐκ
689 3106 1003 3179 Ματιηνῶν,
1032 3102 1163 3164 ὅθεν
1187 3128 1306 3180 περ,
1329 3103 1361 3165 ὅ
1394 3104 1604 3182 Γύνδης
1635 3105 1736 3166 τᾶν
1763 3110 1818 3168 ἐς
1841 3106 1942 3171 τὰς

338 3194 607 3273 διώρυχας
650 3192 751 3255 τσῖς
793 3189 1058 3266 ἐξήκοντά
1101 3215 1166 3250 τε
1213 3192 1306 3250 καὶ
1344 3193 1668 3269 τριηκοσίας
1708 3191 1942 3265 διέλαβε

336 3280 373 3341 ὁ
400 3286 605 3359 Κῦρος,
632 3280 887 3359 στόμασι
910 3278 972 3338 δὲ
997 3277 1339 3358 ἐξερεύγεται
1363 3279 1804 3357 τεσσαράκοντα,
1828 3280 1941 3338 τῶν
