2267 3517
369 124 591 191 21—26]
1014 124 1343 175 nwnpnn.
1875 126 1972 177 110

372 208 581 285 θέρεος.
644 205 750 282 τήν
773 204 1095 285 χειμερινὴν
1112 205 1259 284 ὥρην
1282 204 1730 283 ἀπελαυνόμενος
1754 204 1790 266 ὅ
1807 204 1976 282 ἥλιος

374 300 435 355 ἐκ
470 297 570 369 τῆς
600 292 833 372 ἀρχαίης
864 291 1108 363 διεξόδου
1140 293 1251 354 &ard
1284 296 1396 353 τῶν
1424 293 1722 372 χειμώνων,
1758 294 1976 371 ἔρχεται

372 386 478 458 τῆς
500 381 720 458 Λιβύης
742 380 815 439 ταῖ
841 379 970 440 ἅνω.
1051 380 1123 444 ὥς
1147 381 1253 458 μέν
1278 407 1376 442 νυν
1402 385 1463 442 ἐν
1491 382 1772 461 ἐλαχίστῳ
1799 382 1975 457 δηλῶ-

374 494 493 540 σαι,
534 473 649 529 πᾶν
688 469 917 546 εἴρηται·
982 472 1085 544 τῆς
1122 469 1234 549 γὰρ
1273 466 1343 528 ἂν
1382 468 1678 548 ἀγχοτάτω
1715 468 1756 547 ᾗ
1793 469 1977 548 χώρης

375 555 537 621 οὗτος
561 556 594 618 6
622 556 763 627 θεὸς,
792 556 885 615 καὶ
912 557 1055 616 κατὰ
1079 554 1288 632 ἥντινα,
1315 555 1521 632 ταύτην
1547 556 1694 621 οἰκός
1721 556 1890 634 διψῆν
1913 580 1977 618 τε

372 643 586 706 ὖδάτων
603 644 861 722 μάλιστα
882 644 975 703 καὶ
992 643 1064 703 τοὶ
1085 643 1327 724 ἐγχώρια
1341 644 1590 721 ῥεύματα
1603 644 2026 721 μαραίνεσθαι

372 738 484 795 τῶν
508 758 793 810 ποταμων.
875 731 973 795 Ὦς
998 731 1059 791 δὲ
1084 736 1146 792 έν
1169 732 1370 793 πλέονι
1393 731 1548 811 λόγῳ
1573 732 1844 808 δηλῶσαι,
1874 730 1975 793 ὧδε
1995 735 2070 793 25

376 821 509 900 ἔχει·
542 820 755 891 διεξιών
777 823 881 897 τῆς
893 817 1115 897 Λιβύης
1132 846 1206 881 τα
1231 846 1342 881 ανω
1367 819 1403 880 ὅ
1428 817 1604 895 ἥλιος,
1625 820 1757 880 τάδε
1781 821 1975 881 ποιέει·

375 906 475 968 ὅτε
523 907 614 969 διὰ
654 907 861 972 παντὸς
898 910 1004 970 τοῦ
1040 906 1248 987 χρόνου
1290 908 1512 985 αἰθρίου
1548 933 1614 968 τε
1653 907 1839 972 ἐόντος
1875 912 1977 969 τοῦ

374 994 539 1073 ἠέρος
583 1001 685 1058 τοῦ
727 995 869 1057 κατὰ
906 998 1085 1056 ταῦτα
1122 995 1196 1055 vd
1235 994 1414 1075 χωρία
1453 993 1548 1054 καὶ
1587 993 1838 1073 ἀλεεινῆς
1875 998 1977 1071 τῆς

375 1084 561 1163 χώρης
596 1086 811 1163 ἐούσης,
850 1083 950 1145 οὐκ
992 1083 1193 1146 ἐόντων
1229 1083 1444 1162 ἀνέμων
1479 1087 1724 1163 ψυχρῶν,
1765 1083 1975 1153 διεξιὼν

378 1173 555 1231 ποιέει
594 1172 714 1233 οἷόν
752 1198 859 1249 περ
902 1197 993 1231 και
1033 1170 1101 1232 τὰ
1145 1172 1307 1250 θέρος
1349 1172 1480 1233 ἔωθε
1521 1172 1728 1231 ποιέειν
1773 1170 1869 1233 ἰων
1906 1170 1974 1233 τι)

380 1258 561 1333 μέσον
596 1262 697 1320 τοῦ
733 1258 987 1337 οὐρανοῦ·
1029 1258 1182 1320 ἕλκει
1211 1285 1324 1340 γαρ
1362 1259 1446 1319 ε’π
1481 1259 1680 1320 {mv-rav
1713 1284 1780 1319 το
1763 1258 1976 1337 ὕδωρ,

379 1345 624 1411 ἑλκύσας
674 1347 735 1407 δὲ
775 1344 1012 1407 ἀπωθέει
1051 1350 1107 1411 ἔς
1145 1372 1218 1407 τα
1257 1346 1368 1407 ἅνω
1406 1348 1598 1426 χωρία,
1638 1346 1976 1425 ῦπολαμβά-

378 1458 565 1498 νοντες
600 1434 660 1495 δὲ
696 1459 751 1495 οι
788 1460 979 1511 ανεμοι
1012 1434 1105 1493 καὶ
1142 1434 1552 1499 διασκιδνάντες
1587 1434 1840 1511 τήκουσι·
1882 1437 1980 1495 καί

379 1524 493 1581 εἰσι
518 1521 744 1587 οἰκότως
771 1524 825 1584 οἰ
849 1522 963 1583 α’πό
988 1522 1193 1599 ταύτης
1216 1527 1319 1599 τῆς
1343 1522 1527 1602 χώρης
1557 1516 1828 1595 πνέοντες,
1856 1522 1889 1583 ὅ
1913 1550 1976 1585 τε

376 1607 537 1675 νότος
568 1611 661 1671 καὶ
696 1610 731 1671 ό
767 1610 891 1689 λιψ,
928 1609 1146 1688 α’,νέμων
1175 1611 1400 1671 πολλὸν
1432 1615 1542 1671 τῶν
1567 1609 1787 1673 πάντων
1813 1610 1976 1671 υετώ-

374 1722 552 1759 τατοι·
593 1699 797 1780 (δοκέει
823 1698 887 1758 δέ
917 1722 1018 1776 μοι
1054 1697 1182 1759 οὐδὲ
1211 1702 1326 1759 πᾶν
1355 1698 1422 1759 τὰ
1453 1697 1596 1776 ὕδωρ
1631 1697 1698 1759 τό
1732 1699 1976 1760 ἐπέτειον

376 1786 645 1849 ἑκάστοτε
681 1786 1121 1877 ἀποπέμπεσθαι
1147 1790 1248 1847 τοῦ
1286 1786 1502 1847 Νείλου
1542 1786 1576 1847 ὅ
1617 1785 1794 1862 ἥλιος,
1823 1786 1978 1847 ἀλλα

378 1876 471 1933 καὶ
495 1875 907 1936 υπολείπεσθαι
932 1874 1060 1951 περὶ
1102 1873 1346 1954 ἑωυτόν)
1385 1875 1765 1951 πρηΰνομένου
1792 1874 1850 1933 δε
1874 1878 1976 1936 τοῦ

375 1966 661 2040 χειμῶνος,
696 1962 999 2041 απέρχεται
1032 1987 1065 2020 ο
1099 1961 1262 2037 ἥλιος
1297 1968 1353 2027 ἔς
1385 1961 1566 2039 μέσον
1603 1961 1703 2022 τὸν
1741 1960 1976 2039 οὐρανὸν

378 2047 579 2119 ὀπίσω,
607 2049 700 2108 καὶ
723 2047 793 2109 τὰ
818 2050 1069 2109 ἐνθεῦτεν
1092 2047 1202 2124 ἤδη
1223 2048 1423 2125 ὁμοίως
1446 2048 1561 2109 afa-6
1585 2048 1804 2109 πάντων
1823 2050 1973 2109 ἕλκει

378 2138 487 2194 τῶν
512 2138 797 2211 ποταμῶν·
837 2135 972 2200 τέως
996 2134 1059 2195 δὲ
1102 2137 1159 2195 οἰ
1195 2138 1300 2211 μὲν
1329 2134 1574 2213 ὀμβρίου
1603 2135 1800 2201 ὕδατος
1831 2163 1974 2215 συμ-

378 2224 726 2303 μισγομένου
777 2225 1003 2283 πολλοῦ
1052 2221 1292 2295 αὐτοῖσι,
1330 2222 1430 2285 ἅτε
1479 2224 1714 2301 ὖομένης
1761 2250 1826 2285 τε
1875 2228 1976 2301 τῆς

370 2308 563 2393 χώρης
590 2311 683 2370 καὶ
718 2310 1224 2391 κεχαραδρωμένης,
1249 2312 1445 2388 ῥέουσι
1477 2312 1740 2393 μεγάλοι·
1777 2316 1878 2372 τοῦ
1913 2312 1973 2373 δὲ

378 2398 581 2474 θέρεος,
608 2402 719 2460 τῶν
742 2424 805 2459 τε
830 2398 1061 2477 ὄμβρων
1087 2398 1483 2459 ἐπιλειπόντων
1516 2398 1716 2464 αὐτοῦς
1746 2400 1838 2460 καὶ
1861 2399 1972 2461 find

376 2489 479 2544 τοῦ
502 2484 671 2561 ἡλίου
695 2485 1000 2564 ἑλκόμενοι,
1027 2486 1290 2550 α’σθενέες
1315 2486 1447 2547 εἰσί·
1487 2486 1520 2547 ὅ
1547 2487 1608 2546 δὲ
1633 2489 1844 2550 Νεῖλος
1868 2485 1972 2547 ε’ὢν

377 2570 682 2652 ἄνομβρος,
709 2574 1003 2652 ἑλκόμενος
1042 2573 1103 2635 δὲ
1140 2572 1252 2634 dard
1289 2578 1393 2636 τοῦ
1429 2572 1611 2650 ἡλίου,
1639 2578 1845 2650 μοῦνος
1873 2600 1974 2635 πο-

376 2664 567 2738 ταμῶν
590 2666 790 2723 τοῦτον
812 2663 915 2723 τᾶν
935 2662 1142 2743 χρόνον
1179 2661 1404 2726 οἰκότως
1438 2661 1603 2725 αὐτός
1636 2664 1836 2722 ἑωυτοῦ
1861 2663 1975 2738 ῥέει

376 2752 576 2829 πολλῷ
614 2750 1013 2829 ὑποδεέστερος
1052 2748 1093 2827 ἢ
1132 2753 1234 2809 τοῦ
1277 2750 1484 2826 θέρεος·
1549 2748 1679 2810 τότε
1719 2753 1824 2826 μὲν
1862 2749 1973 2829 γὰρ

376 2836 520 2914 μετοὶ
545 2836 764 2900 πάντων
780 2841 890 2899 τῶν
910 2837 1178 2900 υδάτων*
1151 2862 1280 2898 ισον
1307 2837 1542 2907 ἕλκεται,
1561 2836 1662 2898 τᾶν
1688 2838 1748 2898 δὲ
1772 2841 1972 2918 χειμῶ-

376 2946 446 2985 να
470 2928 677 3002 μοῦνος
700 2926 963 2998 πιέζεται·
1001 2950 1144 2986 ουτω
1168 2923 1271 2985 τᾶν
1293 2923 1460 3001 ἥλιον
1483 2923 1744 3004 νενόμικα
1768 2950 1975 2985 τουτων

377 3013 555 3073 αἴτιον
592 3013 747 3074 εἶναι.
831 3014 1022 3079 Αἴτιος
1057 3013 1119 3073 δὲ
1154 3011 1326 3075 ‹nm-63
1361 3010 1536 3084 οὗτος,
1575 3038 1716 3074 κατα
1748 3012 1974 3092 γνώμην
1988 3013 2066 3070 26

375 3100 481 3177 τήν
504 3100 660 3178 ε’μήν,
682 3103 774 3161 καὶ
797 3101 898 3163 τόν
920 3100 1059 3179 ηέρα
1084 3100 1257 3179 ξηρὰν
1279 3100 1380 3162 τὸν
1398 3100 1572 3180 ταύτῃ
1591 3100 1744 3169 εἶναι,
1767 3099 1970 3157 διακαί-

375 3214 453 3250 ων
488 3188 595 3267 τήν
634 3190 880 3262 διέξοδον
914 3190 1110 3251 αὐτοῦ·
1165 3188 1306 3250 οὕτω
1347 3192 1448 3265 τῆς
1488 3186 1708 3263 Λιβύης
1747 3183 1822 3243 τιὶ
1860 3181 1974 3244 ἅνω

375 3277 537 3359 θέρος
578 3280 687 3342 αἰεὶ
732 3279 971 3360 κατέχει.
1056 3280 1105 3338 εἰ
1147 3276 1208 3337 δὲ
1247 3276 1288 3351 ἦ
1329 3274 1534 3337 στάσις
1573 3271 1830 3345 ἤλλακτο
1863 3273 1974 3330 τῶν
