2267 3517
334 140 630 205 ,143-146]
1041 142 1265 193 ΚΛΕΙΩ.
1883 144 1947 198 73

339 246 454 283 σαν
473 222 532 281 δὲ
547 220 780 297 οὐδαμοὶ
798 224 1122 301 μετασχεῖν,
1140 218 1227 281 ὅτι
1245 219 1326 297 μὴ
1346 221 1669 299 Σμυρναῖοι.
1719 222 1907 283 Κατά-
1928 226 2043 285 144

341 334 449 387 περ
477 312 532 369 οἶ
558 314 618 369 ἐκ
643 313 745 383 τῆς
769 308 1161 371 Πενταπόλιος
1193 311 1291 368 νῦν
1315 307 1501 388 χώρης
1533 311 1787 388 Δωριέες,
1813 311 1953 389 πρό-

340 423 504 475 τερον
544 397 604 457 δὲ
641 396 977 467 Ἑξαπόλιος
1013 400 1116 473 τῆς
1156 394 1325 471 αὐτῆς
1354 396 1559 473 ταύτης
1591 400 1946 475 καλεομένης,

344 485 746 561 φυλάσσονται
781 484 855 545 ῶν
879 483 1171 561 μηδαμοῦς
1209 483 1550 553 ἐσδέξασθαι
1583 489 1693 545 τῶν
1717 489 1949 563 προσοί-

344 599 454 634 κων
490 574 746 651 Δωριέων
771 578 828 636 ἐς
853 572 918 633 τὰ
943 570 1246 649 Τριοπικόν
1274 570 1413 648 ἱρόν·
1454 571 1609 631 ἀλλὰ
1637 575 1730 633 καὶ
1756 576 1950 650 σφέων

343 660 524 721 αὐτῶν
542 660 673 724 τοῦς
697 660 826 738 περὶ
848 659 914 721 τὸ
943 659 1062 737 ἶρόν
1081 658 1475 735 ἀνομήσαντας
1502 660 1833 737 ἐξεκλήῖσαν
1847 668 1950 740 τῆς

342 754 606 829 μετοχῆς.
665 748 848 829 ἐνγοὶρ
871 751 950 827 τῷ
974 746 1147 828 ἀγῶνι
1170 751 1271 807 τοῦ
1294 748 1563 825 Τριοπίου
1586 746 1949 816 ’Λπόλλωνος

345 837 604 898 ἐτίθεσαν
629 835 696 897 τδ
733 837 914 895 πάλαι
943 835 1211 912 τρίποδας
1242 828 1518 914 χαλκέους
1547 840 1702 897 τοῖσι
1733 842 1947 899 νικῶσι·

346 925 439 983 καὶ
468 924 698 988 τούτους
727 928 872 1003 χρῆν
895 922 1027 986 τοῦς
1058 908 1461 999 λαμβάνοντας
1488 928 1548 983 ἐκ
1573 928 1675 984 τοῦ
1708 927 1830 1003 ἱροῦ
1865 926 1947 1004 μὴ

347 1012 617 1090 ἐκφέρειν,
651 1010 784 1072 ἀλλ’
799 1052 808 1059 ·
821 1010 992 1072 αὐτοῦ
1032 1009 1349 1071 ἀνατιθέναι
1387 1014 1465 1089 τῷ
1504 1012 1629 1089 θεῷ.
1697 1012 1837 1090 ἀνὴρ
1876 1013 1952 1075 ὧν

344 1098 842 1178 Ἀλικαρνησσεῦς,
860 1104 938 1178 τῷ
963 1097 1176 1175 οὕνομα
1199 1096 1271 1173 ἦν
1285 1096 1679 1178 Ἀγασικλέης,
1698 1100 1948 1175 νικήσας,

345 1186 446 1248 τᾶν
470 1187 642 1265 νόμον
671 1186 1045 1269 κατηλόγησε·
1089 1187 1275 1263 φέρων
1300 1186 1361 1247 δὲ
1385 1184 1525 1264 πρὸς
1548 1187 1621 1247 τοὶ
1649 1191 1851 1249 ἑωυτοῦ
1877 1193 1952 1249 οῖ·

350 1276 444 1333 κία
469 1275 1028 1353 προσεπασσάλευσε
1049 1274 1151 1335 τᾶν
1175 1274 1430 1351 τρίποδα.
1498 1274 1591 1334 διὰ
1616 1275 1823 1352 ταύτην
1846 1277 1951 1352 τῆν

348 1362 530 1438 αἰτίην
562 1366 621 1422 αἱ
650 1364 816 1424 πέντε
846 1362 1058 1433 πόλιες,
1083 1361 1286 1425 Λίνδος
1320 1363 1411 1421 καὶ
1440 1360 1745 1437 Ἰήλυσσός
1770 1390 1832 1424 τε
1860 1366 1953 1425 καὶ

349 1449 634 1528 Κάμειρος
679 1451 772 1511 καὶ
817 1454 947 1513 Κῶς
979 1476 1043 1510 τε
1084 1450 1179 1509 καὶ
1218 1450 1439 1521 Κνίδος,
1475 1450 1807 1528 ἐξεκλήΐσαν
1848 1456 1951 1529 τῆς

344 1542 592 1618 μετοχῆς
625 1538 730 1615 τῆν
767 1539 930 1615 ἕκτην
952 1538 1124 1599 πόλιν
1157 1537 1629 1617 Ἁλικαρνησσόν.
1698 1539 1951 1601 τούτοισι

345 1630 452 1705 μέν
477 1653 574 1689 νυν
592 1625 759 1689 ὀὗτοι
793 1626 1002 1704 ταύτην
1031 1626 1137 1702 τὴν
1168 1626 1367 1703 ζημίην
1406 1628 1699 1703 ἐπέθηκαν.
1756 1629 1909 1689 Δυῶ-
1932 1631 2045 1691 145

345 1715 479 1776 δεκα
519 1716 585 1775 δέ
618 1740 718 1792 μοι
759 1715 1018 1775 δοκέουσι
1056 1713 1262 1777 πόλιας
1292 1713 1647 1791 ποιήσασθαι
1684 1718 1738 1776 οἶ
1767 1715 1953 1782 Ἴωνες

345 1804 441 1864 καὶ
472 1803 572 1865 οὐκ
613 1806 886 1880 ἐθελῆσαι
923 1806 1169 1866 πλεῦνας
1206 1801 1543 1873 ἐσδέξασθαι
1566 1804 1729 1864 τοῦδε
1756 1804 1951 1875 εἵνεκα,

344 1890 434 1953 ὅτι
459 1894 553 1953 καὶ
572 1891 665 1953 ὅτε
691 1896 750 1953 ἐν
775 1889 1201 1969 Πελοποννήσῳ
1217 1890 1397 1951 οἴκεον
1418 1890 1659 1951 δυώδεκα
1682 1891 1753 1968 ἦν
1773 1892 1953 1954 αὐτῶν

345 1980 539 2056 μέρεα·
582 1979 828 2055 κατάπερ
853 1982 952 2039 νῦν
969 1977 1215 2057 Ἀχαιῶν
1231 1978 1743 2047 τῶνέξελασάντων
1756 1978 1953 2045 Ἴωνας

349 2065 591 2127 δυώδεκά.
627 2072 751 2127 ἐστι
780 2067 972 2143 μέρεα.
1040 2064 1316 2141 Πελλήνη
1346 2066 1451 2142 μέν
1482 2091 1552 2148 γε
1583 2065 1775 2143 πρῶτη
1813 2066 1955 2144 πρός

351 2155 644 2219 Σικυῶνος·
674 2153 820 2230 μετὰ
843 2154 920 2223 δὲ,
946 2153 1181 2234 Αἴγειρα
1206 2154 1300 2213 καὶ
1327 2154 1515 2233 Αἰγαί·
1543 2156 1627 2234 (ἐν
1641 2157 1711 2233 τῇ
1734 2156 1952 2232 Κρᾶθις·

349 2240 603 2318 ποταμὸς
628 2240 854 2305 οἷένναός
881 2246 1019 2312 ἐστι,
1047 2241 1163 2303 οἷπὸ
1189 2245 1292 2303 τοῦ
1316 2241 1349 2302 ὁ
1376 2247 1435 2301 ἐν
1459 2241 1674 2322 Ἰταλίῃ
1698 2242 1955 2320 ποταμὸς

347 2330 416 2392 τὰ
443 2328 654 2406 οὔνομα
681 2330 858 2411 ἔσχε·)
886 2330 979 2390 καὶ
1005 2334 1195 2407 Βοῦρα
1220 2330 1312 2389 καὶ
1329 2329 1547 2406 Ἑλίκη·
1575 2330 1656 2409 (ἐς
1673 2330 1777 2407 τῆν
1797 2333 1954 2391 κατέ-

350 2424 538 2499 φυγον
567 2416 753 2483 Ἴωνες
793 2418 902 2479 ὖπδ
945 2418 1189 2496 Ἀχαιῶν
1228 2417 1385 2497 μάχῃ
1432 2420 1815 2500 ἐσσωθέντες·)
1858 2419 1951 2479 καὶ

348 2508 564 2588 Αἴγιον,
613 2507 706 2565 καὶ
747 2496 962 2577 Ῥῦπες,
1008 2508 1101 2566 καὶ
1148 2508 1413 2583 Πατρέες,
1456 2507 1549 2565 καὶ
1588 2508 1811 2584 Φαρέες,
1858 2508 1951 2567 καὶ

340 2590 596 2659 Ὤλενος·
649 2594 736 2673 (ἐν
771 2600 850 2674 τῷ
889 2598 1097 2671 Πεῖρος
1137 2593 1389 2671 ποταμὸς
1426 2595 1605 2675 μέγας
1650 2595 1817 2676 ἐστί)
1861 2596 1955 2655 καὶ

350 2681 520 2759 Δύμη
549 2682 640 2742 καὶ
663 2684 962 2760 Τριταιέες·
1005 2682 1059 2743 οἳ
1083 2686 1283 2759 μοῦνοι
1316 2681 1523 2742 τούτων
1548 2682 1847 2765 μεσόγαιοι
1873 2686 1947 2742 οἶ-

354 2770 562 2843 κέουσι.
629 2775 818 2831 Ταῦτα
863 2770 1106 2831 δυόδεκα
1143 2770 1317 2847 μέρεα
1354 2773 1455 2830 νῦν
1490 2768 1733 2849 Ἀχαιῶν
1772 2771 1911 2841 ἐστὶ,
1932 2770 2047 2831 146

354 2857 447 2917 καὶ
470 2857 600 2919 τότε
622 2884 691 2939 γε
715 2857 910 2919 Ἰώνων
932 2857 1022 2935 ἦν·
1061 2857 1271 2918 τούτων
1290 2856 1359 2933 δή
1386 2856 1567 2917 εἵνεκα
1593 2859 1686 2917 καὶ
1712 2858 1955 2923 οἶἼωνες

353 2944 596 3022 δυόδεκα
630 2945 835 3010 πόλιας
867 2945 1227 3023 ἐποιήσαντο·
1274 2945 1409 3019 ἐπεὶ,
1446 2945 1517 3009 ὥς
1554 2971 1624 3027 γε
1646 2971 1705 3006 τι
1727 2950 1955 3022 μᾶλλον

351 3030 510 3094 οὗτοι
539 3032 726 3097 Ἴωνές
769 3037 880 3094 εἶσι
922 3038 1033 3094 τῶν
1075 3031 1269 3095 ἄλλων
1302 3032 1501 3094 Ἰώνων
1540 3032 1579 3109 ἢ
1626 3032 1863 3093 κάλλιόν
1896 3057 1953 3093 τι

349 3120 637 3203 γεγόνασι,
663 3122 842 3198 μωρίη
868 3121 1060 3197 πολλῆ
1087 3121 1293 3202 λέγειν·
1332 3124 1445 3181 τῶν
1458 3120 1741 3196 ’Ἄβαντες
1764 3120 1869 3193 μὲν
1892 3119 1957 3187 ἐξ

349 3208 604 3288 Εὐβοίης
629 3210 742 3269 εἶσὶ
767 3208 867 3269 οὐκ
895 3210 1173 3287 ἐλαχίστη
1198 3211 1386 3285 μοῖρα,
1403 3210 1556 3267 τοῖσι
1580 3204 1785 3277 Ἰωνίης
1810 3205 1955 3278 μέτα

349 3297 482 3360 οῦδὲ
502 3301 623 3426 Ἷτοῦ
669 3296 976 3374 οὐνόματος
1015 3295 1192 3358 οὐδέν·
1246 3294 1457 3355 Μινύαι
1496 3292 1557 3353 δὲ
1594 3290 1953 3368 Ὀρχομένιοι
