2267 3517
325 124 388 171 38
941 120 1306 169 ‘HPvo'ro'r
1378 140 1381 144 ·
1424 163 1429 169 .
1832 120 1925 185 [Ι.

328 199 420 259 καὶ
445 197 482 259 ὅ
507 199 614 275 μὲν
635 201 811 259 ταῦτα
837 201 1101 276 φρονέων,
1129 198 1203 263 ὦς
1237 197 1467 259 ἀπίκετο
1492 204 1548 263 ἐς
1577 198 1677 263 τοὶς
1708 199 1926 275 Σάρδις,

327 287 537 364 ἔπεμπε
562 285 802 363 κήρυκας
833 287 975 346 κατοὶ
1000 286 1100 350 τάς
1126 287 1453 365 συμμαχίας
1482 287 1846 364 προερέοντας
1873 293 1928 352 ἐς

325 374 582 451 πέμπτον
605 378 758 451 μῆνα
789 374 1235 456 συλλέγεσθαι’
1210 401 1264 437 ες
1298 374 1513 450 Σάρδις,
1539 374 1639 445 τὸν
1670 374 1731 434 δὲ
1760 400 1928 453 παρε-

326 461 462 522 όντα
480 463 573 521 καὶ
597 461 992 541 μαχεσάμενον
1010 461 1257 539 στρατόν
1280 460 1613 541 Πέρσῃσι,“’
1580 488 1641 524 ος
1664 461 1737 537 ἦν
1756 462 1928 524 αὐτοῦ

327 549 570 619 ξεινικός,
591 549 774 609 πάντα
801 550 959 613 ἀπεὶς
983 550 1327 619 διεσκέδασε,
1350 548 1565 626 ουδαμά
1586 549 1824 613 ἐλπίσας
1844 550 1928 628 μή

327 663 456 697 κοτε
494 636 603 715 ἄρα
641 635 1056 717 ἀγωνισάμενος
1103 636 1169 697 οἷ’
1169 663 1247 698 τω
1291 637 1700 715 παραπλησίως
1740 642 1927 716 Κῦρος

329 724 522 785 ἐλάσει
547 725 639 785 ἐπὶ
666 724 887 802 Σάρδις.

230 814 309 875 78
407 817 596 872 Ταῦτα
635 813 1009 894 ἐπιλεγομένῳ
1049 813 1283 893 Κροίσῳ
1328 812 1397 874 τό
1436 812 1775 892 προάστειον
1810 816 1928 874 πᾶν

324 900 502 977 ὀφίων
555 899 896 978 ἐνεπλήσθη·
953 902 1238 978 φανέντων
1296 900 1357 960 δὲ
1408 900 1601 975 αὐτῶν,
1656 904 1713 961 οἱ
1766 901 1928 962 ἵπποι

324 990 598 1065 μετιέντες
625 988 926 1066 τάςνομάς
955 990 1225 1066 νέμεσθαι
1252 989 1569 1064 φοιτέοντες
1600 988 1925 1064 κατήσθιον.

293 1097 298 1103 ·
327 1076 496 1138 ἰδόντι
531 1077 592 1137 δὲ
620 1081 788 1137 τοῦτο
824 1078 1073 1157 Κροίσῳ,
1111 1076 1301 1155 ὥσπερ
1338 1077 1431 1136 καὶ
1460 1075 1548 1152 ἦν,
1583 1076 1735 1146 ἔδοξε
1764 1077 1927 1155 τέρας

325 1166 481 1225 εἶναι·
535 1164 733 1225 αὐτίκα
763 1164 823 1224 δὲ
858 1167 1070 1241 ἔπεμπε
1111 1164 1458 1243 θεοπρόπους
1488 1169 1545 1227 ἐς
1578 1168 1688 1224 τῶν
1730 1164 1924 1245 ἐξηγη-

267 1243 275 1249 ⁴
320 1254 457 1313 τέων
499 1252 902 1329 Τελμησσέων·
949 1252 1339 1329 ἀπικομένοισι
1384 1251 1446 1311 δὲ
1490 1254 1645 1311 τοῖσι
1692 1251 1925 1330 θεοπρό-

322 1366 500 1410 ποισι,
534 1341 627 1398 καὶ
665 1341 915 1417 μαθοῦσι
945 1339 1086 1418 πρὸς
1117 1340 1500 1417 Τελμησσέων
1533 1338 1600 1399 τὰ
1635 1339 1788 1399 θέλει
1823 1366 1925 1417 ση-

322 1427 536 1505 μαίνειν
560 1426 626 1487 vd
654 1426 832 1503 τέρας,
863 1426 963 1488 οὐκ
997 1427 1275 1509 ἐξεγένετο
1306 1427 1538 1506 Κροίσῳ
1564 1426 1923 1509 ἀπαγγεῖλαι·

322 1516 455 1591 πρὶν
479 1514 590 1595 γάρ
616 1512 654 1590 ἢ
685 1513 870 1573 ὀπίσω
900 1515 1087 1591 σφέας
1117 1514 1450 1574 ἀναπλῶσαι
1488 1520 1542 1578 ἐς
1570 1514 1671 1578 τάς
1706 1515 1923 1593 Σάρδις,

323 1602 445 1678 ἥλω
472 1602 504 1661 ὁ
532 1606 800 1680 Κροῖσος.
870 1602 1235 1680 Τελμησσέες
1258 1604 1362 1680 μέν
1386 1627 1475 1663 τοι
1497 1602 1631 1663 τάδε
1657 1604 1922 1685 ἔγνωσαν,

323 1689 569 1768 στρατόν
604 1689 923 1768 ἀλλόθροον
963 1688 1345 1767 προσδόκιμον
1382 1690 1520 1751 εἶναι
1561 1693 1793 1772 Κροίσῳ
1834 1693 1925 1752 ἐπὶ

319 1777 423 1854 τὴν
466 1777 671 1857 χώρην,
714 1775 1049 1855 ἀπικόμενον
1089 1777 1151 1837 δὲ
1188 1782 1386 1839 τοῦτον
1434 1780 1924 1859 καταστρέψεσθαι

319 1865 450 1929 τούς
503 1865 844 1945 ἐπιχωρίους·
897 1865 1159 1947 λέγοντες
1210 1864 1346 1942 ὅφιν
1394 1866 1531 1926 εἶναι
1575 1872 1682 1948 γῆς
1730 1868 1921 1938 παῖδα,

326 1954 497 2016 ἵππον
515 1954 575 2013 δὲ
599 1951 873 2030 πολέμιόν
891 1978 955 2013 τε
982 1954 1074 2012 καὶ
1101 1952 1369 2029 ἐπήλυδα.
1432 1956 1796 2031 Τελμησσέες
1818 1958 1923 2033 μέν

324 2069 422 2104 νυν
458 2046 635 2104 ταῦτα
672 2041 1034 2119 ὑπεκρίναντο
1074 2042 1306 2121 Κροίσῳ
1334 2040 1444 2119 ἤδη
1473 2041 1733 2119 ἡλωκότι,
1766 2042 1924 2103 οὐδέν

329 2157 404 2190 κω
431 2130 631 2193 εἰδότες
653 2134 763 2190 τῶν
781 2129 852 2206 ἦν
869 2130 999 2207 περὶ
1026 2129 1229 2208 Σάρδις
1251 2156 1315 2190 τε
1340 2130 1434 2189 καὶ
1460 2129 1629 2193 αὐτὸν
1649 2134 1920 2208 Κροῖσον.

233 2218 308 2279 79
410 2223 597 2296 Κῦρος
621 2218 696 2287 δὲ,
719 2216 916 2277 αὐτίκα
941 2216 1350 2281 ἀπελαύνοντος
1376 2218 1631 2295 Κροίσου
1654 2218 1797 2295 μετά
1818 2217 1921 2294 τὴν

326 2304 514 2383 μάχην
542 2304 648 2381 τήν
671 2306 975 2385 γενομένην
1007 2309 1065 2364 ἐν
1098 2308 1173 2383 τῇ
1204 2306 1435 2383 Πτερίῃ,
1460 2304 1656 2383 μαθὼν
1688 2306 1759 2369 ὦς
1789 2304 1923 2366 ἀπε-

325 2392 511 2456 λάσας
534 2394 742 2469 μέλλοι
767 2395 1020 2469 Κροῖσος
1051 2390 1349 2451 διασκεδᾶν
1371 2390 1473 2452 τόν
1497 2393 1756 2470 στρατόν,
1784 2395 1922 2469 βου-

323 2478 623 2556 λευόμενος
639 2478 858 2555 εὕρισκε
873 2477 1110 2559 πρῆγμά
1125 2481 1179 2537 οῖ
1196 2478 1334 2538 εἶναι
1350 2478 1596 2539 ἐλαύνειν
1612 2480 1683 2543 ὥς
1702 2480 1923 2542 δύναιτο
1953 2511 1958 2515 ·

323 2564 568 2645 τάχιστα
594 2565 685 2625 ἐπὶ
702 2564 804 2629 τοὶς
823 2564 1042 2643 Σάρδις,
1057 2564 1189 2643 πρὶν
1203 2563 1241 2641 ἢ
1259 2564 1325 2625 τὸ
1349 2564 1603 2643 δεύτερον
1618 2566 1924 2644 ἁλισθῆναι

323 2658 434 2714 τῶν
461 2653 656 2715 Λυδῶν
683 2653 790 2730 τήν
821 2650 1070 2729 δύναμιν.
1153 2651 1225 2717 ὥς
1256 2652 1319 2712 δέ
1347 2656 1401 2712 οἳ
1430 2657 1605 2713 ταῦτα
1637 2653 1805 2725 ἔδοξε,
1832 2657 1926 2716 καὶ

326 2742 505 2800 ἐποίεε
535 2739 677 2800 κατοὶ
710 2740 901 2819 τάχος·
942 2738 1155 2804 ἐλάσας
1184 2740 1293 2821 γάρ
1324 2741 1425 2801 τὸν
1456 2739 1703 2819 στρατὸν
1738 2746 1793 2805 ἐς
1821 2744 1926 2819 τήν

323 2828 549 2903 Λυδίην,
577 2827 744 2891 ‹nh-‹35-
774 2827 1016 2909 ἅγγελος
1050 2830 1281 2907 Κροίσῳ
1319 2828 1605 2905 ἐληλύθεε.
1689 2830 1925 2891 ἐνθαῦτα

273 2983 282 2991 ,
327 2921 576 2992 Κροῖσος
608 2921 662 2980 ἐς
697 2914 934 2993 ἀπορίην
970 2916 1197 2991 πολλὴν
1228 2915 1546 2997 ἀπιγμένος,
1576 2916 1646 2980 ὥς
1680 2920 1735 2977 οἱ
1774 2918 1927 2994 παρὰ

325 3002 493 3073 δόξαν
513 3005 648 3083 ἔσχε
672 3003 744 3063 τσῖ
769 3003 1074 3084 πρήγματα
1097 3002 1134 3080 ἢ
1162 3002 1235 3067 ὥς
1261 3003 1426 3067 αὐτὸς
1452 3004 1754 3075 κατεδόκεε,
1776 3004 1925 3081 ὅμως

322 3092 453 3156 τοῦς
494 3090 710 3155 Λυδοῦς
753 3092 918 3172 ἐξῆγε
965 3096 1020 3154 ἐς
1061 3090 1271 3171 μάχην.
1353 3090 1424 3167 ἦν
1469 3092 1531 3151 δὲ
1576 3096 1775 3153 τοῦτον
1820 3090 1923 3151 τᾶν

322 3179 528 3257 χρόνον
567 3181 722 3243 ἔθνος
762 3178 918 3239 οὐδὲν
958 3183 1017 3239 ἐν
1054 3183 1126 3258 τῇ
1166 3178 1338 3257 Ἀσίῃ
1380 3177 1507 3239 οὔτε
1547 3178 1924 3257 ἀνδρειότερον

325 3264 455 3326 οὔτε
479 3265 859 3344 ἀλκιμώτερον
886 3268 990 3326 τοῦ
1014 3266 1242 3325 Λυδίου·
1281 3265 1321 3339 ἤ
1354 3265 1413 3325 δὲ
1445 3266 1603 3343 μάχη
1630 3265 1826 3339 σφέων
1854 3261 1928 3336 ἦν
