2267 3517
294 129 390 176 352
922 127 1290 176 ·11P0A0‘ro·1·
1765 127 1892 192 [IV.

292 205 587 283 ἀπήμονας
617 207 1003 266 ἀποστελέειν·
1042 199 1376 284 πειθομένου
1402 207 1462 266 δὲ
1487 213 1590 267 τοῦ
1623 208 1897 284 Ἰήσονος,

294 295 437 356 οὕτω
466 295 535 370 δὴ
560 295 659 356 τόν
683 321 746 355 τε
767 295 1065 354 διέκπλοον
1088 299 1200 356 τῶν
1223 296 1486 375 βραχέων
1505 297 1777 357 δεικνύναι
1795 299 1896 360 τᾶν

292 383 539 462 Τρίτωνά
580 389 708 458 σφι,
738 383 829 442 καὶ
867 383 969 442 τᾶν
1005 384 1244 460 τρίποδα
1281 385 1457 443 θεῖναι
1487 389 1548 443 ἐν
1577 389 1656 463 τῷ
1692 390 1896 447 ἑωυτοῦ

296 475 411 550 ἱρῷ,
476 469 923 530 ἐπιθεσπίσαντά
960 496 1024 530 τε
1062 474 1141 548 τῷ
1185 471 1407 549 τρίποδι
1453 473 1546 530 καὶ
1584 475 1738 532 τοῖσι
1783 474 1894 535 σῦν

289 557 505 634 Ἰήσονι
546 557 876 636 σημήναντα
906 557 1007 618 τόν
1038 558 1224 618 πάντα
1253 558 1447 639 λόγον,
1487 558 1560 622 ὦς
1589 560 1756 620 ἐπεάν
1792 562 1894 622 τόν

288 645 527 722 τρίποδα
554 647 856 724 κομίσηται
880 650 990 706 τῶν
1016 646 1253 726 ἐκγόνων
1277 673 1362 709 τις
1382 650 1494 707 τῶν
1519 651 1578 706 ἐν
1595 650 1667 726 τῇ
1693 647 1892 730 Ἀργοῖ

289 733 710 809 συμπλεόντων,
742 732 872 793 τότε
905 734 1098 794 ἑκατόν
1130 734 1335 797 πόλιας
1367 738 1594 809 οἶκῆσαι
1629 737 1755 812 περὶ
1785 737 1892 812 τήν

288 821 591 896 Τριτωνίδα
624 823 829 898 λίμνην
858 821 1192 897 Ἑλληνίδας
1221 825 1416 882 πᾶσαν
1449 822 1587 881 εἶναι
1621 822 1886 903 ἀνάγκην·

285 913 462 968 ταῦτα
513 909 863 972 ἀκούσαντας
923 907 1055 972 τους
1117 911 1442 987 ἐπιχωρίους
1497 913 1608 974 τῶν
1657 910 1888 988 Λιβύων

288 997 494 1075 κρύψαι
517 998 617 1057 τόν
641 999 894 1074 τρίποδα.

200 1088 310 1143 180
414 1085 638 1146 Τούτων
665 1085 724 1144 δὲ
752 1087 973 1164 ἔχονται
998 1090 1111 1146 τῶν
1136 1082 1427 1164 Μαχλύων
1453 1083 1677 1149 Αύσεῖς.
1731 1086 1884 1148 οὗτοι

288 1173 347 1232 δὲ
396 1175 491 1233 καὶ
544 1177 597 1232 οἷ
641 1172 912 1251 Μάχλυες
958 1173 1123 1250 πέριξ
1171 1172 1275 1248 τὴν
1327 1173 1628 1249 Τριτωνίδα
1679 1177 1884 1251 λίμνην

286 1262 551 1322 οἰκέουσι·
596 1260 664 1322 τὸ
711 1262 891 1338 μέσον
937 1260 1002 1319 δέ
1040 1267 1154 1336 σφι
1179 1259 1399 1336 -οὖρίζει
1439 1258 1471 1318 ὅ
1512 1261 1741 1337 Τρίτων·
1790 1264 1884 1322 καὶ

286 1351 341 1406 οἶ
382 1352 486 1425 μὲν
526 1349 799 1427 Μάχλυες
838 1347 909 1408 τσῖ
954 1347 1138 1407 ὀπίσω
1175 1348 1442 1424 κομέουσι
1475 1351 1576 1422 τῆς
1611 1353 1881 1425 κεφαλῆς,

286 1439 339 1495 οῖ
380 1437 440 1494 δὲ
482 1441 689 1499 Αυσεῖς
718 1436 789 1495 τσῖ
826 1437 1130 1514 ἔμπροσθε·
1173 1435 1312 1513 ὁρτῇ
1348 1434 1408 1492 δὲ
1441 1436 1690 1514 ἐνιαυσίῃ
1715 1436 1882 1513 Ἀθη-

285 1525 440 1598 ναίης
480 1527 539 1582 αἱ
578 1524 845 1599 παρθένοι
885 1522 1064 1582 αὐτῶν
1098 1522 1232 1600 δίχα
1269 1523 1572 1581 διαστᾶσαι
1602 1521 1882 1602 μάχονται
1907 1587 1917 1593 ,

282 1609 424 1685 πρὸς
462 1609 723 1685 ἀλλήλας
754 1610 977 1669 λίθοισί
1006 1634 1068 1668 τε
1098 1610 1192 1667 καὶ
1225 1609 1465 1678 ξύλοισι,
1497 1612 1570 1688 τῇ
1605 1609 1884 1691 αὖθιγενέῖ

285 1698 391 1774 θεῷ
423 1698 697 1779 λέγουσαι
730 1695 801 1756 τσῖ
832 1695 1039 1772 πάτρια
1074 1695 1414 1765 α’ποτελέειν,
1440 1696 1544 1772 τὴν
1581 1696 1881 1774 Ἀθηναίην

284 1786 576 1861 καλέομεν·
643 1784 743 1847 ταῖς
796 1784 855 1844 δὲ
918 1781 1387 1859 ἀποθνησκούσας
1435 1787 1546 1842 τῶν
1595 1786 1882 1860 παρθένων

284 1877 345 1931 ἐκ
384 1877 494 1934 τῶν
538 1871 838 1951 τρωμάτων
880 1872 1359 1949 ψευδοπαρθένους
1401 1871 1688 1930 καλέουσι·
1747 1873 1882 1949 πρὶν

282 1959 343 2019 δὲ
394 1961 605 2021 οἶνεῖναι
660 1959 831 2024 αύτσῖς
881 1959 1187 2038 μάχεσθαι,
1233 1958 1366 2018 τάδε
1417 1961 1660 2016 ποιεῦσι·
1722 1964 1881 2039 κοινῇ

279 2050 557 2126 παρθένον
585 2049 689 2124 τὴν
732 2046 1217 2107 καλλιστεύουσαν
1246 2045 1514 2105 ἑκάστοτε
1555 2047 1876 2122 κοσμήσαν-

277 2162 369 2199 τες
405 2141 541 2215 κυνῇ
571 2163 633 2196 τε
674 2135 946 2212 Κορινθίῃ
985 2135 1075 2192 καὶ
1110 2135 1399 2212 πανοπλίῃ
1433 2132 1756 2210 Ἑλληνικῇ,
1787 2135 1879 2194 καὶ

278 2223 365 2282 ἐπ’
412 2223 564 2300 ἅρμα
611 2221 1085 2298 ἀναβιβάσαντες,
1131 2221 1466 2302 περιάγουσι
1518 2219 1622 2294 τὴν
1673 2222 1880 2297 λίμνην

278 2311 480 2388 κύκλῳ·
510 2311 722 2370 ὁτέοισι
748 2309 808 2368 δὲ
832 2309 899 2369 τὸ
926 2309 1105 2367 πάλαι
1132 2309 1405 2384 ἐκόσμεον
1429 2307 1530 2369 τοὶς
1555 2308 1877 2384 παρθένους,

277 2399 409 2474 πρὶν
438 2395 478 2472 ἥ
510 2401 622 2472 ἀφι
647 2397 936 2473 Ἕλληνας
960 2397 1412 2474 παροικισθῆναι,
1443 2393 1542 2454 ούκ
1571 2396 1678 2473 ἔχω
1707 2395 1877 2453 εἶπαι·

276 2486 448 2545 δοκέω
482 2483 528 2544 δ’
562 2484 635 2545 ὧν
669 2486 1028 2565 Αἰγυπτίοισι
1054 2483 1288 2544 ὅπλοισι
1316 2483 1662 2559 κοσμέεσθαι
1687 2481 1877 2544 αὐτάς·

276 2572 390 2634 οἷπὸ
430 2573 539 2655 γοὶρ
575 2571 862 2652 Αἰγύπτου
902 2573 995 2630 καὶ
1040 2571 1145 2646 τὴν
1187 2570 1402 2630 ἀσπίδα
1447 2571 1541 2629 καὶ
1574 2568 1641 2629 τό
1679 2569 1878 2646 κράνος

277 2662 427 2737 φημὶ
468 2660 705 2739 ἀπῖχθαι
745 2665 800 2721 ἐς
829 2658 958 2722 τούς
986 2658 1294 2735 Ἕλληνας·
1335 2657 1440 2734 τήν
1474 2658 1533 2716 δὲ
1571 2655 1879 2731 Ἀθηναίην

277 2750 427 2826 φάσὶ
486 2747 866 2810 Ποσειδέωνος
920 2746 1059 2806 εἶναι
1110 2745 1388 2828 θυγατέρα
1440 2746 1534 2804 καὶ
1590 2747 1691 2820 τῆς
1749 2749 1877 2819 Τρι-

274 2837 498 2900 τωνίδος
537 2838 755 2914 λίμνης·
799 2835 898 2894 καί
933 2859 1031 2912 μιν
1069 2831 1434 2912 μεμφθεῖσάν
1473 2856 1529 2892 τι
1568 2835 1645 2909 τῷ
1684 2830 1873 2908 πατρὶ,

276 2926 467 2986 δοῦναι
521 2922 723 2998 ἑωυτὴν
774 2925 852 3001 τῷ
905 2923 1019 2981 Διΐ·
1086 2921 1188 2981 τόν
1239 2921 1301 2978 δὲ
1353 2919 1467 2978 Δία
1520 2921 1721 2977 ἑωυτοῦ
1778 2942 1878 2993 μιν

274 3013 627 3088 ποιήσασθαι
668 3008 965 3092 θυγατέρα.
1038 3011 1214 3067 ταῦτα
1251 3008 1355 3083 μὲν
1393 3004 1652 3085 λέγουσι.
1723 3003 1877 3079 μίξιν

275 3097 335 3156 δὲ
380 3100 655 3158 ἐπίκοινον
699 3101 810 3157 τῶν
854 3099 1125 3177 γυναικῶν
1170 3093 1469 3160 ποιέονται,
1517 3088 1643 3149 οὔτε
1691 3101 1876 3148 συνοι-

280 3184 494 3247 κέοντες
535 3184 802 3260 κτηνηδόν
839 3207 901 3242 τε
940 3179 1295 3261 μισγόμενοι·
1343 3176 1519 3236 ἐπεάν
1560 3175 1618 3233 δὲ
1657 3174 1878 3254 γυναικὶ

282 3266 339 3326 vd
379 3270 599 3331 παιδίον
638 3269 809 3347 οἷδρόν
845 3271 1089 3351 γένηται,
1134 3264 1548 3340 συμφοιτέουσι
1595 3265 1650 3323 ἐς
1694 3259 1876 3322 τώυτὸ
