2267 3517
335 131 623 213 1'75-179]
1028 144 1260 196 nmo.
1877 144 1942 198 ⁸7

331 225 473 291 λοῦς
505 224 705 305 α’ρετοῖς
736 224 1144 285 ἐπεδείκνυντο·
1186 222 1527 288 ἑσσωθέντες
1558 223 1618 283 δὲ
1651 224 1744 283 καὶ
1768 248 1947 284 κατει·

332 315 600 391 ληθέντες
639 318 695 377 ἐς
730 312 797 375 τό
838 311 998 385 ἄστυ,
1040 312 1362 389 συνήλισαν
1401 316 1457 375 ἔς
1494 310 1600 388 τὴν
1638 310 1947 389 ἀκρόπολιν

331 401 434 466 τάς
471 427 535 461 τε
572 404 836 483 γυναῖκας
877 401 968 461 καὶ
1005 394 1096 461 τά
1118 402 1286 461 τέκνα
1319 400 1412 460 καὶ
1440 398 1516 459 τοὶ
1545 398 1810 478 χρήματα
1851 399 1944 459 καὶ

332 489 463 554 τοῦς
483 490 713 558 οἰκέτας,
734 488 828 548 καὶ
848 489 1037 549 ἔπειτα
1051 488 1284 567 ὖπῆψαν
1301 487 1405 563 τὴν
1424 486 1734 565 ἀκρόπολιν
1752 490 1946 547 πᾶσαν

331 577 541 655 ταύτην
581 576 859 638 καίεσθαι·
898 580 1077 637 ταῦτα
1116 577 1178 636 δὲ
1210 575 1548 651 ποιήσαντες
1581 575 1672 634 καὶ
1703 574 1945 653 συνομό-

334 692 535 731 σαντες
560 665 757 744 ὅρκους
784 663 1009 735 δεινοῦς,
1029 663 1430 734 ὑπεξελθόντες
1445 662 1725 725 ἀπέθανον
1742 662 1946 727 πάντες

332 754 566 818 Ξάνθιοι
615 751 949 832 μαχόμενοι·
1004 756 1118 812 τῶν
1171 752 1232 811 δὲ
1282 756 1381 813 νῦν
1425 752 1643 812 Λυκίων
1686 752 1946 829 φαμένων

332 842 585 905 Ξανθίων
624 841 781 911 εἶναι,
822 843 879 901 οἱ
906 839 1138 910 πολλοὶ,
1171 838 1326 916 πλὴν
1363 838 1680 921 ὀγδώκοντα
1709 839 1943 909 ἱστιέων,

334 930 447 989 εἶσὶ
486 928 776 1005 ἐπήλυδες·
818 930 877 988 αἱ
909 926 969 987 δὲ
1000 926 1318 1008 ὀγδώκοντα
1349 928 1526 988 ἱστίαι
1559 925 1726 987 αὗται
1749 928 1947 1006 ἔτυχον

332 1020 633 1093 τηνικαῦτα
674 1016 1061 1095 ἐκδημέουσαι,
1099 1015 1192 1074 καὶ
1225 1013 1368 1074 οὕτω
1397 1014 1800 1096 περιεγένοντο·
1840 1013 1946 1090 τήν

332 1106 436 1180 μὲν
476 1104 545 1180 δὴ
584 1102 805 1188 Ξάνθον
838 1102 1009 1166 οὕτως
1041 1104 1180 1183 ἔσχε
1215 1102 1248 1163 ὅ
1269 1101 1580 1184 ‘Apu-myos·-
1645 1106 1944 1179 παραπλη-

334 1192 471 1255 σίως
508 1192 569 1252 δὲ
610 1192 701 1251 καὶ
738 1191 845 1267 τὴν
876 1195 1101 1251 Καῦνον
1134 1193 1290 1270 ἔσχε.
1373 1190 1466 1249 καὶ
1490 1189 1602 1271 γάρ
1629 1193 1684 1249 οἱ
1709 1188 1943 1251 Καύνιοι

332 1278 463 1341 τοῦς
498 1279 739 1341 Λυκίους
778 1277 1129 1355 ἐμιμήσαντο
1167 1279 1240 1339 τοὶ
1277 1277 1454 1338 πλέω.
1534 1276 1620 1338 Τοὶ
1663 1277 1767 1355 μέν
1807 1304 1903 1339 νυν
1923 1278 2036 1339 177

336 1365 484 1426 κάτω
525 1370 629 1442 τῆς
657 1364 857 1443 Ἀσίης
880 1365 1176 1448 ”Αρπαγος
1204 1366 1495 1426 ἀνάστατα
1531 1366 1728 1437 ε’ποίεε,
1768 1356 1845 1426 τοῖ-
1881 1366 1942 1426 δὲ

333 1452 445 1514 ἅνω
470 1453 641 1529 αὐτῆς
665 1452 831 1517 αὕτός
858 1459 1064 1533 Κῦρος,
1089 1459 1206 1515 πᾶν
1237 1455 1392 1517 ἔθνος
1418 1452 1942 1531 καταστρεφόμενος

334 1543 427 1602 καὶ
467 1542 625 1603 οὐδὲν
663 1542 897 1619 παριείς.
963 1542 1038 1602 τοὶ
1073 1543 1178 1619 μέν
1219 1568 1316 1603 νυν
1347 1541 1526 1603 αὐτῶν
1565 1542 1722 1601 πλέω
1761 1541 1939 1620 παρή-

331 1655 528 1708 σομεν·
584 1630 655 1691 τὰ
704 1629 768 1691 δέ
818 1632 874 1690 οἱ
919 1630 1176 1710 παρέσχε
1214 1629 1388 1691 πόνον
1425 1655 1490 1690 τε
1532 1632 1810 1697 πλεῖστον
1851 1630 1944 1690 καὶ

331 1716 823 1801 άξιαπηγητότατά
848 1721 987 1789 ε’στι,
1012 1718 1223 1779 τούτων
1249 1715 1642 1795 ἐπιμνήσομαι.

412 1811 599 1885 Κῦρος
638 1807 763 1867 ἐπεί
783 1832 858 1866 τε
889 1804 963 1866 τοὶ
996 1805 1180 1867 πάντα
1210 1808 1313 1882 τῆς
1342 1804 1575 1883 ἠπείρου
1606 1803 1902 1885 ὖποχείρια
1920 1807 2036 1867 178

331 1895 655 1971 ἐποιήσατο,
680 1893 1045 1972 Ἀσσυρίοισι
1068 1888 1372 1954 ἐπετίθετο.
1419 1896 1520 1969 τῆς
1543 1892 1604 1953 δὲ
1628 1892 1939 1970 Ἀσσυρίης

331 1984 455 2042 ἐστὶ
476 1982 551 2043 τοὶ
574 1983 679 2059 μέν
704 2006 805 2041 κου
826 1981 918 2041 καὶ
934 1980 1090 2041 ἄλλα
1109 1982 1446 2057 πολίσματα
1470 1978 1697 2060 μεγάλα
1723 1979 1934 2049 πολλὰ,

331 2068 397 2127 τό
427 2070 488 2129 δὲ
518 2068 973 2146 ὀνομαστότατον
1006 2069 1098 2129 καὶ
1142 2067 1510 2148 ἰσχυρότατον
1545 2066 1638 2125 καὶ
1669 2067 1802 2127 ἔνθα
1826 2072 1939 2141 σφι

331 2157 509 2218 Νίνου
535 2155 854 2217 οἷναστάτου
877 2158 1176 2238 γενομένης
1199 2157 1272 2217 τοὶ
1295 2153 1582 2232 βασιλήῖα
1607 2152 1942 2229 κατεστήκεε

330 2242 403 2320 ἦν
438 2243 738 2320 Βαβυλὼν,
768 2246 943 2305 ἐοῦσα
973 2244 1204 2321 τοιαύτη
1237 2243 1306 2321 δή
1336 2268 1440 2307 τις·
1479 2241 1650 2305 πόλις
1675 2241 1856 2301 κέεται
1881 2246 1941 2302 ἐν

308 2332 501 2412 ,πεδίῳ
537 2331 785 2414 μεγάλῳ,
810 2332 1063 2414 μέγαθος
1092 2335 1268 2393 ἐοῦσα
1301 2331 1558 2410 μέτωπον
1594 2329 1832 2390 ἕκαστον
1869 2330 1940 2389 εἶ-

334 2446 463 2479 κοσι
488 2420 583 2480 καὶ
615 2420 811 2481 ἐκατὸν
848 2420 1104 2489 σταδίων,
1144 2419 1348 2495 εὀύσης
1380 2417 1742 2500 τετραγώνου·
1785 2416 1940 2478 οὗτοι

331 2508 554 2568 στάδιοι
589 2512 693 2585 τῆς
728 2508 989 2587 περιόδου
1021 2504 1123 2583 τῆς
1157 2505 1358 2571 πόλιος
1382 2508 1630 2589 γίνονται
1657 2504 1937 2568 συνάπαν-

330 2620 421 2659 τες
457 2594 772 2677 ὀγδώκοντα
800 2596 895 2656 καὶ
928 2594 1302 2672 τετρακόσιοι·
1341 2594 1410 2655 τὰ
1444 2594 1549 2672 μέν
1573 2619 1670 2655 νυν
1694 2594 1941 2675 μέγαθος

329 2682 603 2745 τοσοῦτόν
656 2688 781 2744 ἐστι
824 2688 925 2743 τοῦ
977 2682 1180 2746 ἄστεος
1231 2684 1330 2743 τοῦ
1377 2682 1768 2758 Βαβυλωνίου.
1826 2685 1939 2740 ε’κε-

332 2770 585 2847 κόσμητο
612 2771 741 2831 δὲ“
700 2798 771 2835 ως
798 2770 955 2834 οὐδὲν
984 2770 1136 2831 ἄλλο
1162 2768 1422 2847 πόλισμα
1445 2795 1554 2830 των
1579 2768 1740 2846 ἡμεῖς
1764 2768 1938 2845 ἴδμεν·

329 2858 545 2937 τάφρος
570 2860 673 2936 μὲν
698 2858 891 2937 πρῶτά
917 2884 1017 2935 μιν
1041 2858 1232 2935 βαθέα
1262 2883 1325 2917 τε
1363 2857 1456 2917 καὶ
1483 2856 1643 2935 εὖρέα
1669 2856 1762 2916 καὶ
1789 2856 1936 2931 πλέη

328 2945 528 3011 ὕδατος
552 2938 813 3025 περιθέει·
848 2972 993 3026 μετα
1020 2946 1097 3017 δὲ,
1123 2950 1312 3025 τεῖχος
1336 2944 1681 3021 πεντήκοντα
1704 2946 1808 3022 μὲν
1833 2969 1938 3019 πη-

328 3036 472 3114 χέων
512 3036 834 3112 βασιληὶων
880 3034 972 3095 εὀν
1022 3060 1089 3095 το
1146 3033 1316 3112 εὖρος,
1358 3032 1499 3112 υψος
1541 3033 1601 3091 δὲ
1643 3031 1940 3107 διηκοσίων

328 3123 571 3202 πηχέων·
618 3123 676 3203 (ὀ
724 3123 784 3183 δὲ
826 3121 1138 3200 βασιλήιος
1178 3126 1362 3200 πῆχυς
1401 3125 1509 3180 τοῦ
1550 3119 1776 3196 μετρίου
1817 3116 1940 3174 ε’στὶ

327 3211 540 3291 πήχεος
575 3212 755 3291 μέζων
794 3210 952 3289 τρισὶ
982 3208 1355 3289 δακτύλοισι)
1419 3210 1525 3267 Δεῖ
1552 3205 1622 3278 δή
1652 3228 1726 3280 με
1759 3200 1900 3279 πρός
1920 3202 2032 3261 179

326 3325 581 3363 τουτοισι
628 3302 709 3361 ἔτι
756 3298 995 3376 φράσαι,
1040 3298 1129 3357 ἵνα
1169 3321 1233 3356 τε
1279 3300 1340 3354 ἐκ
1380 3318 1482 3370 της
1522 3290 1742 3367 τάφρου
1783 3314 1822 3364 η
1862 3291 1940 3363 γῆ
