2267 3517
317 97 414 145 254
935 94 1304 145 ἨΡΟΔΟΤΟΤ
1590 143 1599 150 ,
1783 93 1914 158 [III.

311 172 562 250 ἀμύσσει
611 174 714 237 τοὶς
765 174 1000 252 μήτρας·
1056 173 1429 252 αὖξανόμενός
1478 199 1542 234 τε
1595 173 1666 249 δῆ
1719 177 1923 253 πολλῷ

311 265 538 338 μᾶλλον
590 262 895 321 ἐσικνέεται
945 261 1337 344 καταγνάφων·
1412 263 1593 324 πέλας
1643 285 1707 320 τε
1762 261 1831 336 δή
1884 261 1929 337 ὅ·

311 348 473 411 τόκος
513 349 652 418 ἐστὶ,
693 350 785 407 καὶ
816 349 883 409 τὸ
925 350 1193 427 παράπαν
1233 349 1486 409 λείπεται
1522 347 1728 408 αὐτέων
1768 349 1920 429 ὑγιὲς

221 439 334 496 109
356 436 482 495 οὐδὲ
515 437 591 496 ἔν.
661 436 770 500 ’Ὦς
794 437 855 496 δὲ
887 439 980 496 καὶ
1015 441 1074 497 αἱ
1112 435 1327 517 ἔχιδναί
1346 461 1409 497 τε
1442 437 1535 495 καὶ
1567 439 1622 495 οἶ
1656 441 1715 496 ἐν
1750 435 1918 511 Ἀρα-

319 525 506 602 βίοισι
556 523 863 602 ὑπόπτεροι
914 524 1090 602 ὄφιες,
1138 531 1188 585 εἰ
1241 525 1489 606 ἐγίνοντο
1537 523 1611 586 ὥς
1654 521 1694 598 ἤ
1743 523 1919 599 φύσις

315 612 536 672 αὐτοῖσι
581 611 835 692 ὑπάρχει,
878 613 978 674 οὔκ
1025 611 1095 674 ἂν
1137 612 1209 689 ἦν
1248 612 1509 689 βιώσιμα
1550 610 1915 687 ἀνθρώποισι·

316 704 413 760 νῦν
439 699 503 770 δ’,
532 700 698 760 ἐπεὰν
725 700 1059 777 θορνύωνται
1087 700 1231 761 κατὰ
1266 698 1477 781 ζεύγεα,
1504 700 1597 758 καὶ
1625 704 1684 757 ἐν
1710 697 1851 776 αὐτῇ
1875 696 1915 776 ᾗ

316 787 351 848 ὅ
387 789 558 865 ἔρσην
591 791 664 866 τῇ
701 788 1003 866 ἔκποιήσει,
1031 788 1364 866 άπιευμένου
1380 818 1384 826 ·
1402 786 1573 846 αὐτοῦ
1598 786 1701 862 τὴν
1724 786 1919 867 γονήν,-

313 876 352 951 ἦ
388 875 568 952 θήλεα
598 874 832 938 ἅπτεται
865 881 969 953 τῆς
999 877 1197 953 δειρῆς,
1239 876 1331 935 καὶ
1368 877 1616 952 ἐμφῦσα,
1647 872 1747 932 οὐκ
1774 872 1917 933 οἷνίει

315 964 447 1041 πρὶν
497 962 568 1024 ἂν
619 964 890 1047 διαφάγῃ.
969 963 1007 1024 ὅ
1057 966 1163 1041 μὲν
1214 964 1283 1041 δή
1338 963 1509 1040 ἔρσην
1572 960 1914 1037 ἀποθνήσκει

314 1052 502 1132 τρόπῳ
532 1056 610 1133 τῷ
646 1055 927 1133 εἰρημένῳ·
968 1051 1006 1128 ἦ
1038 1053 1100 1112 δὲ
1134 1051 1314 1128 θήλεα
1348 1051 1501 1110 τίσιν
1524 1048 1747 1124 τοιήνδε
1777 1048 1913 1114 ἄπο·

314 1141 454 1200 τίνει
495 1144 574 1220 τῷ
619 1142 822 1218 ἔρσενι·
887 1144 966 1219 τῷ
1010 1142 1171 1223 γονεῖ
1211 1139 1551 1215 τιμωρέοντα
1598 1139 1678 1196 ἔτι
1732 1142 1791 1197 ἐν
1840 1141 1914 1217 τῇ

313 1229 522 1309 γαστρὶ
549 1227 711 1289 ἐόντα
744 1229 818 1288 τοὶ
847 1229 1013 1288 τέκνα
1045 1227 1279 1288 διεσθίει
1310 1225 1416 1303 τὴν
1450 1225 1685 1303 μήτραν,
1714 1225 1913 1301 διαφα-

313 1316 488 1396 γόντα
529 1317 588 1375 δὲ
625 1316 730 1392 τὴν
761 1315 928 1392 νηδύν
965 1315 1153 1392 αὐτῆς,
1197 1314 1339 1376 οὕτω
1376 1312 1481 1390 τὴν
1516 1313 1737 1372 ἔκδυσιν
1762 1314 1912 1372 ποιέ-

315 1428 451 1463 εται·
493 1407 548 1462 οἱ
579 1403 640 1462 δὲ
679 1401 850 1462 ἄλλοι
881 1403 1056 1479 ὄφιες,
1093 1404 1274 1468 ἐόντες
1304 1399 1607 1479 ἀνθρώπων
1634 1399 1701 1459 οὔ
1742 1399 1913 1476 δηλή-

311 1515 492 1568 μονες,
538 1492 796 1550 τίκτουσί
834 1516 898 1551 τε
945 1491 1066 1563 ὠσὶ,-
1095 1493 1189 1550 καὶ
1241 1491 1547 1551 ἐκλέπουσι
1590 1488 1812 1549 πολλόν
1855 1515 1913 1549 τι

309 1582 504 1658 χρῆμα
555 1583 665 1638 τῶν
713 1580 934 1638 τέκνων.
1017 1582 1075 1638 αῖ
1118 1581 1223 1654 μὲν
1268 1577 1339 1654 δή
1382 1603 1481 1638 νυν
1522 1577 1731 1656 ἔχιδναι
1773 1577 1913 1636 κατὰ

311 1671 504 1726 πᾶσαν
533 1664 636 1742 τὴν
668 1670 778 1748 γῆν
815 1666 945 1726 εἶσί·
989 1669 1043 1726 οἱ
1075 1667 1136 1726 δὲ
1165 1665 1471 1742 ὑπόπτεροι
1504 1665 1684 1728 ἐόντες
1718 1664 1912 1742 ἀθρόοι

313 1754 424 1813 εἶσὶ
466 1759 525 1814 ἐν
553 1759 628 1833 τῇ
665 1753 928 1832 Ἀραβίῃ,
963 1754 1055 1814 καὶ
1095 1753 1313 1833 οὐδαμῇ
1352 1752 1525 1832 ἄλλῃ·
1566 1751 1709 1813 κατὰ
1746 1757 1912 1814 τοῦτο

313 1841 568 1902 δοκέουσι
593 1843 805 1902 πολλοὶ
833 1843 990 1904 εἶναι.

220 1931 334 1993 110
415 1931 528 1993 'rav
577 1935 682 2010 μὲν
733 1931 802 2008 δή
853 1931 1174 2010 λιβανωτόν
1234 1936 1433 1993 τοῦτον
1484 1930 1625 1992 οὕτω
1679 1935 1911 1992 κτῶνται

310 2017 590 2099 Ἀράβιοι,
631 2021 736 2096 τὴν
775 2021 838 2080 δὲ
876 2023 1078 2098 κασίην
1117 2019 1241 2106 ὦδε·
1284 2020 1450 2081 ἐπεὰν
1492 2018 1911 2095 καταδήσωνται

309 2109 570 2189 βύρσῃσι
597 2110 690 2169 καὶ
729 2109 970 2187 δέρμασι
1004 2107 1243 2170 ἄλλοισι
1278 2113 1393 2168 πᾶν
1421 2107 1488 2168 τό
1520 2112 1695 2185 σῶμα“
1722 2107 1813 2185 καὶ
1842 2106 1909 2166 τό

310 2197 631 2274 πρόσωπον,
675 2197 828 2272 πλὴν
881 2196 1060 2256 αὐτῶν
1112 2201 1225 2256 τῶν
1276 2195 1607 2272 ὀφθαλμῶν,
1656 2195 1909 2274 ἔρχονται

313 2286 406 2343 ἐπὶ
441 2285 546 2360 τὴν
579 2285 798 2359 κασίην·
855 2283 894 2358 ἦ
936 2284 998 2343 δὲ
1039 2287 1098 2343 ἐν
1139 2285 1311 2362 λίμνῃ
1344 2281 1546 2360 φύεται
1590 2281 1655 2342 οὗ
1699 2283 1906 2360 βαθέῃ·

294 2371 439 2448 περὶ
492 2372 553 2430 δὲ
591 2371 776 2448 ἀὐτὴν
829 2372 923 2430 καὶ
967 2375 1026 2430 ἐν
1079 2369 1223 2449 αὐτῇ
1276 2369 1562 2442 αὐλίζεταί
1602 2396 1700 2431 κου
1743 2371 1909 2446 θηρία

311 2458 579 2536 πτερωτοὶ,
619 2463 758 2537 τῇσι
798 2458 1078 2535 νυκτερίσι
1117 2459 1463 2537 προσείκελα
1500 2459 1775 2536 μάλιστα·
1816 2459 1908 2517 καὶ

308 2546 527 2627 τέτριγε
553 2545 748 2606 δεινόν·
791 2547 882 2604 καὶ
911 2551 965 2609 ἐς
999 2544 1183 2622 άλκήν
1217 2545 1449 2624 ἄλκιμα·
1489 2547 1563 2607 τοὶ
1598 2547 1667 2623 δὴ
1692 2546 1907 2623 ἀπαμυ-

267 2653 270 2656 ’
311 2634 575 2710 νομένους
626 2633 739 2692 οἷπό
791 2639 903 2694 τῶν
955 2633 1289 2712 ὀφθαλμῶν,
1346 2634 1486 2695 οὕτω
1539 2636 1757 2712 δρέπειν
1806 2634 1911 2710 τὴν

220 2723 328 2781 111
352 2723 567 2798 κασίην.
652 2722 731 2781 T&
765 2723 824 2781 δὲ
857 2721 925 2798 δή
965 2721 1315 2801 κιννάμωμον
1343 2723 1422 2782 ἔτι
1460 2723 1667 2784 τούτων
1694 2723 1908 2800 θωυμα-

312 2809 580 2888 στότερον
621 2811 990 2892 συλλέγουσι·
1048 2810 1181 2871 ὅκου
1232 2813 1337 2888 μὲν
1386 2811 1498 2892 ’γάρ
1544 2813 1771 2893 γίνεται,
1817 2811 1910 2869 καὶ

309 2896 432 2972 ἥτις
476 2923 574 2976 μιν
611 2902 688 2980 γῆ
729 2897 768 2974 ἦ
813 2899 1104 2977 τρέφουσά
1152 2906 1292 2969 ε’στι,
1337 2899 1435 2958 οὐκ
1482 2902 1676 2978 ἔχουσι
1718 2901 1908 2959 εἰπεῖν·

311 2985 465 3062 πλὴν
492 2986 594 3057 ὅτι,
612 2986 763 3067 λόγῳ
791 2985 966 3046 οἰκότι
990 2987 1312 3065 χρεώμενοι,
1332 2991 1390 3045 ἐν
1414 2986 1627 3046 τοισίδε
1650 2985 1914 3064 χωρίοισί

312 3076 466 3147 φασί
495 3100 638 3138 τινες
679 3073 814 3133 αὕτό
851 3073 1097 3148 φύεσθαι
1124 3080 1183 3134 ἐν
1206 3079 1362 3133 τοῖσι
1386 3073 1420 3133 ὅ
1446 3072 1720 3156 Διόνυσος
1756 3072 1909 3149 ἐτρά-

311 3165 414 3235 φη·
457 3160 678 3239 ὄρνιθας
717 3161 778 3220 δὲ
817 3162 1054 3241 λέγουσι
1083 3160 1339 3240 μεγάλας
1372 3161 1596 3236 φορέειν
1628 3162 1807 3218 ταῦτα
1836 3157 1911 3217 τὰ

309 3241 545 3325 κάρφεα,
567 3248 640 3308 τοὶ
664 3248 825 3326 ἡμεῖς
851 3247 964 3307 α’.πό
984 3249 1251 3308 Φοινίκων
1269 3247 1540 3324 μαθόντες
1560 3243 1909 3320 κιννάμωμον
