2267 3517
308 222 318 231 .
339 174 629 241 194-196]
1030 176 1257 226 xmo.
1305 178 1312 185 ·
1873 174 1942 227 97

340 253 619 331 κρίνοντες
637 252 765 315 οὔτε
782 253 1007 333 πρῶρην
1026 255 1378 338 συνάγοντες,
1401 252 1536 314 ἄλλ’
1555 250 1798 317 ἅσπῖδος
1819 251 1948 333 τρό-

334 366 453 401 πον
478 341 813 420 κυκλοτερέα
836 342 1195 419 ποιήσαντες·
1229 343 1322 403 καὶ
1343 342 1601 419 καλάμης
1625 340 1948 418 πλήσαντες

338 431 458 488 πᾶν
481 428 548 489 τὰ
579 433 783 490 πλοῖον
812 432 994 504 τοῦτο,
1025 430 1232 491 οἷπιᾶσι
1264 429 1406 491 κατὰ
1434 430 1535 491 τὸν
1565 428 1820 507 ποταμὸν
1845 426 1946 505 φέ-

342 518 545 593 ρεσθαι
577 518 820 595 φορτίων
852 516 1195 594 πλήσαντες·
1235 515 1493 595 μάλιστα
1517 518 1578 578 δὲ
1600 516 1800 595 βίκους
1826 525 1954 595 φοι·-

342 604 581 680 νικηΐους
606 604 918 687 κατάγουσι
944 606 1094 666 οἴνου
1124 605 1352 669 πλέους·
1395 604 1636 667 ἰθύνεται
1662 605 1722 665 δὲ
1745 604 1858 666 ῦπό
1880 628 1946 666 τε

342 690 441 750 δύο
463 691 776 769 πλήκτρων,
804 693 898 752 καὶ
923 692 1023 753 δύο
1054 692 1268 773 ἀνδρῶν
1293 692 1475 771 ὀρθῶν
1505 692 1806 753 ἑστεώτων·
1846 691 1940 752 καὶ

341 776 373 837 ὅ
392 781 495 856 μὲν
516 780 626 839 ἔσω
647 780 798 839 ἕλκει
815 779 881 841 τό
902 783 1190 859 πλῆκτρον
1209 780 1242 841 6
1263 781 1324 841 δὲ
1344 781 1444 851 ἔξω
1465 779 1642 841 ὦθέει.
1697 778 1944 841 ποιέεται

340 865 401 925 δὲ
426 868 519 926 καὶ
545 867 722 945 κάρτα
740 866 966 949 μεγάλα
982 874 1161 929 ταῦτα
1178 868 1252 929 τὰ
1275 872 1453 929 πλοῖα
1479 868 1571 931 καὶ
1597 865 1844 939 ἐλάσσω,
1868 866 1945 927 τὰ

340 953 400 1013 δὲ
414 956 659 1037 μέγιστα
675 955 855 1017 αὐτῶν
873 958 965 1016 καὶ
979 957 1450 1035 πεντακισχιλίων
1463 955 1751 1016 ταλάντων
1762 955 1945 1037 γόμον

338 1042 473 1119 ἔχει·
515 1048 574 1103 ἐν
594 1042 811 1123 ἑκάστῳ
836 1043 897 1103 δὲ
914 1044 1097 1122 πλοίῳ
1117 1042 1242 1106 ὄνος
1263 1043 1398 1114 ζωός
1418 1044 1616 1112 ἔνεστι,
1639 1046 1698 1101 ἐν
1717 1042 1776 1101 δὲ
1790 1044 1944 1102 τοῖσι

335 1130 538 1204 μέζοσι
562 1134 811 1193 πλεῦνες·
856 1129 1025 1190 ε’πεσῖν
1052 1129 1127 1189 ὧν
1153 1129 1456 1190 ἀπίκωνται
1478 1130 1745 1193 πλέοντες
1764 1134 1819 1193 ἐς
1837 1128 1944 1205 τήν

338 1218 677 1291 Βαβυλῶνα,
713 1218 806 1276 καὶ
840 1216 1162 1277 διαθέωνται
1195 1216 1295 1278 τᾶν
1331 1216 1562 1297 φόρτον,
1599 1216 1802 1295 νομέας
1838 1218 1944 1294 μὲν

336 1307 440 1362 τοῦ
463 1304 669 1363 πλοίου
698 1305 790 1364 καὶ
814 1304 919 1380 τὴν
946 1304 1208 1383 καλάμην
1227 1309 1422 1367 πᾶσαν
1440 1303 1536 1365 ἀπ’
1558 1304 1634 1368 ὦν
1654 1303 1940 1383 ἐκήρυξαν,

337 1388 439 1452 τοὶς
465 1390 525 1451 δὲ
550 1390 817 1468 διφθέρας
837 1390 1198 1462 ἐπισάξαντες
1225 1394 1317 1453 ἐπὶ
1341 1392 1470 1457 τοῦς
1495 1391 1671 1465 ὅνους,
1699 1391 1943 1454 ἀπελαύ-

340 1502 501 1537 νουσι
542 1482 599 1542 ἐς
634 1479 763 1542 τούς
790 1479 1132 1557 Ἀρμενίους·
1174 1479 1282 1541 <ivd
1309 1481 1410 1543 τᾶν
1443 1480 1700 1560 ποταμὸν
1726 1480 1839 1564 γὰρ
1870 1481 1942 1558 δῆ

341 1564 441 1625 οῦκ
467 1565 559 1627 οἶά
581 1568 649 1627 τέ
671 1572 793 1628 ἐστι
817 1569 1011 1629 πλέειν
1036 1568 1216 1630 οὐδενὶ
1242 1569 1449 1651 τρόπῳ,
1473 1569 1586 1631 ivd
1612 1568 1814 1650 τάχεος
1837 1572 1940 1631 τοῦ

340 1658 617 1732 ποταμοῦ·
658 1654 750 1719 Bw?
775 1655 888 1736 γὰρ
911 1660 1090 1717 ταῦτα
1115 1657 1209 1717 καὶ
1236 1656 1336 1718 οῦκ
1363 1664 1423 1718 ἐκ
1449 1656 1632 1729 ξύλων
1656 1661 1942 1718 ποιεῦνται

339 1741 413 1801 τοὶ
448 1747 641 1816 πλοῖα,
682 1742 816 1803 ἀλλ’
844 1748 905 1803 ἐκ
944 1744 1268 1822 διφθερέων·
1312 1746 1478 1806 ἐπεοὶν
1518 1746 1580 1806 δὲ
1615 1744 1745 1809 τούς
1780 1742 1943 1809 ὅνους

342 1829 665 1895 ἐλαύνοντες
683 1830 984 1892 ἀπίκωνται
1002 1831 1186 1893 ὀπίσω
1207 1836 1261 1896 ἐς
1278 1832 1410 1897 τοῦς
1424 1833 1762 1910 Ἀρμενίους,
1789 1831 1944 1891 ἄλλα

338 1916 526 1999 τρόπῳ
556 1923 634 1998 τῷ
664 1918 810 1999 αὐτῷ
839 1923 1125 1980 ποιεῦνται
1153 1924 1351 1979 πλοῖα.
1430 1919 1504 1979 τοὶ
1533 1921 1638 1995 μὲν
1671 1919 1739 1993 δὴ
1765 1921 1942 1977 πλοῖα.

340 2005 567 2067 αὐτοῖσί
588 2012 712 2067 ἐστι
733 2010 985 2069 τοιαῦτα.
1042 2006 1284 2082 Ἐσθῆτι
1309 2006 1370 2065 δὲ
1399 2006 1588 2084 τοιῇδε
1611 2008 1895 2082 χρέωνται,
1920 2006 2036 2065 195

341 2094 530 2153 κιθῶνι
548 2094 842 2171 ποδηνεκέῖ
859 2095 1041 2174 λινέῳ·
1070 2094 1164 2153 καὶ
1184 2094 1276 2151 ἐπὶ
1293 2096 1493 2153 τοῦτον
1511 2090 1693 2151 ἄλλον
1713 2090 1940 2167 εἰρίνεον

343 2180 549 2240 κιθῶνα
578 2181 869 2255 ἐπενδύνει,
902 2183 995 2242 καὶ
1032 2180 1324 2262 χλανίδιον
1357 2177 1558 2240 λευκὸν
1593 2177 1941 2256 περιβαλλό-

339 2291 522 2343 μενος,
554 2268 888 2347 ῦποδήματα
924 2270 1064 2350 ἔχων
1090 2267 1375 2348 ἐπιχιόρια,
1401 2266 1780 2346 παραπλήσια
1803 2270 1941 2347 τῇσι

342 2355 645 2434 Βοιωτίῃσι
665 2356 902 2434 ἐμβάσι·
938 2358 1212 2435 κομῶντες
1230 2357 1292 2417 δὲ
1308 2356 1410 2419 τὰς
1430 2354 1686 2433 κεφαλὰς
1708 2355 1943 2436 μίτρῃσι

342 2439 681 2515 α’ναὸέονται,
702 2446 1107 2522 μεμυρισμένοι
1130 2448 1247 2507 πᾶν
1262 2442 1330 2506 τό
1351 2448 1536 2522 σῶμα·
1564 2442 1858 2525 σφρηγῖδα
1883 2444 1944 2504 δὲ

343 2528 579 2594 ἕκαστος
604 2532 733 2611 ἔχει,
760 2534 853 2592 καὶ
877 2537 1169 2611 σκῆπτρον
1185 2534 1595 2613 χειροποίητον·
1621 2530 1706 2590 ἐπ’
1727 2530 1942 2610 ἑκάστῳ

342 2615 403 2675 δὲ
433 2616 699 2700 σκήπτρῳ
732 2622 925 2682 ἔπεστι
962 2622 1340 2698 πεποιημένον
1369 2618 1408 2697 ἢ
1437 2624 1626 2699 μῆλον
1650 2617 1748 2697 ἦρ
1749 2618 1880 2679 όδον
1902 2616 1942 2695 ἢ

343 2704 528 2781 κρίνον
552 2705 589 2784 ἢ
616 2708 796 2773 αἰετός
817 2736 855 2786 η
828 2708 1025 2771 ἄλλο
1042 2734 1118 2771 τι·
1147 2708 1276 2770 ἄνευ
1293 2708 1405 2791 γὰρ
1433 2706 1713 2785 ἐπισήμου
1739 2705 1806 2767 οῦ
1829 2712 1944 2784 σφι

339 2790 511 2870 νόμος
536 2796 659 2856 ε’στὶ
684 2796 828 2875 ἔχειν
852 2822 1162 2907 σκηπτρον·
1201 2794 1341 2874 αὕτη
1364 2822 1469 2875 μεν
1493 2793 1564 2873 δή
1588 2794 1764 2873 σφι*
1726 2818 1945 2873 αρτισις

339 2875 470 2952 περὶ
491 2875 561 2936 τὰ
587 2880 755 2954 σῶμα
780 2879 921 2939 ἐστί.

420 2960 610 3039 Νόμοι
636 2964 695 3024 δὲ
721 2964 943 3025 αὗτοῖσι
968 2964 1075 3025 ὦδε
1094 2964 1478 3027 κατεστέαται·
1512 2962 1545 3025 ὅ
1570 2964 1676 3041 μὲν
1711 2960 1900 3039 σοφό-
1920 2963 2037 3027 196

337 3074 506 3113 τατος
540 3050 649 3120 ὅδε,
678 3050 818 3112 κατσῖ
845 3077 1073 3134 γνωμην
1099 3078 1208 3129 την
1236 3051 1527 3129 ἡμετέρην,
1552 3054 1628 3129 τῶ
1649 3050 1742 3111 καὶ
1758 3049 1942 3109 Ἰλλυ-

338 3141 472 3213 ριῶν
490 3136 745 3203 ’Eva-ove
767 3139 1115 3217 πυνθάνομαι
1133 3140 1403 3219 χρῆσθαι·
1438 3137 1579 3199 κατοὶ
1605 3160 1790 3213 κωμας
1820 3134 1942 3193 ἐκά-

339 3250 482 3289 στας
507 3224 661 3297 απαξ
680 3231 782 3288 τοῦ
810 3228 1009 3290 ἔτεοςε
984 3226 1224 3287 εκάστου
1250 3226 1496 3286 ἐποιέετο
1519 3222 1671 3283 τάδε·
1699 3220 1770 3284 ὥς
1795 3218 1864 3279 αν
1881 3222 1942 3279 αἶ

336 3316 606 3394 παρθένοι
634 3316 886 3400 γινοίατο
908 3314 1105 3398 γάμων
1138 3313 1350 3392 ῶραῖαι,
1391 3309 1594 3372 raah-ae
1632 3306 1772 3371 ὅκως
1807 3332 1940 3369 συν-
1979 3324 1983 3327 “

486 3404 517 3449 9
