<?xml version="1.0" encoding="UTF-8"?>
<!DOCTYPE html PUBLIC "-//W3C//DTD XHTML 1.0 Transitional//EN"
    "http://www.w3.org/TR/xhtml1/DTD/xhtml1-transitional.dtd">
<html xmlns="http://www.w3.org/1999/xhtml" xml:lang="en" lang="en">
 <head>
  <title>
</title>
<meta http-equiv="Content-Type" content="text/html;charset=utf-8" />
  <meta name='ocr-system' content='tesseract 3.04.00' />
  <meta name='ocr-capabilities' content='ocr_page ocr_carea ocr_par ocr_line ocrx_word'/>
</head>
<body>
  <div class='ocr_page' id='page_1' title='image "./herodotus05blakgoog_0085.png"; bbox 0 0 2267 3517; ppageno 0'>
   <div class='ocr_carea' id='block_1_1' title="bbox 344 137 2051 3377">
    <p class='ocr_par' dir='ltr' id='par_1_1' title="bbox 344 137 2051 3377">
     <span class='ocr_line' id='line_1_1' title="bbox 349 137 1952 203; baseline 0 -13"><span class='ocrx_word' id='word_1_1' title='bbox 349 137 638 203; x_wconf 78' lang='lat'>147-152]</span> <span class='ocrx_word' id='word_1_2' title='bbox 1040 137 1267 188; x_wconf 63' lang='lat' dir='ltr'>xum.</span> <span class='ocrx_word' id='word_1_3' title='bbox 1884 140 1952 192; x_wconf 74' lang='lat'>7⁵</span> 
     </span>
     <span class='ocr_line' id='line_1_2' title="bbox 346 212 1954 299; baseline 0 -20"><span class='ocrx_word' id='word_1_4' title='bbox 346 221 596 299; x_wconf 79' lang='grc' dir='ltr'>Αἰγαῖαι,</span> <span class='ocrx_word' id='word_1_5' title='bbox 650 214 894 294; x_wconf 82' lang='grc' dir='ltr'>Μύρινα,</span> <span class='ocrx_word' id='word_1_6' title='bbox 935 216 1191 295; x_wconf 80' lang='grc' dir='ltr'>Γρύνεια·</span> <span class='ocrx_word' id='word_1_7' title='bbox 1247 212 1412 277; x_wconf 77' lang='grc' dir='ltr'>αὗται</span> <span class='ocrx_word' id='word_1_8' title='bbox 1461 214 1654 276; x_wconf 78' lang='grc' dir='ltr'>ἕνδεκα</span> <span class='ocrx_word' id='word_1_9' title='bbox 1701 217 1954 279; x_wconf 75' lang='grc' dir='ltr'><strong>Αἰολέων</strong></span> 
     </span>
     <span class='ocr_line' id='line_1_3' title="bbox 345 302 1953 385; baseline 0.001 -20"><span class='ocrx_word' id='word_1_10' title='bbox 345 305 543 371; x_wconf 83' lang='grc' dir='ltr'>πόλιες</span> <span class='ocrx_word' id='word_1_11' title='bbox 581 308 642 365; x_wconf 86' lang='grc' dir='ltr'>αἰ</span> <span class='ocrx_word' id='word_1_12' title='bbox 679 304 928 384; x_wconf 77' lang='grc' dir='ltr'>ἀρχαῖαι·</span> <span class='ocrx_word' id='word_1_13' title='bbox 979 305 1084 380; x_wconf 89' lang='grc' dir='ltr'>μία</span> <span class='ocrx_word' id='word_1_14' title='bbox 1120 302 1233 385; x_wconf 76' lang='grc' dir='ltr'>γάρ</span> <span class='ocrx_word' id='word_1_15' title='bbox 1273 308 1469 379; x_wconf 86' lang='grc' dir='ltr'>σφεων</span> <span class='ocrx_word' id='word_1_16' title='bbox 1502 303 1796 381; x_wconf 79' lang='grc' dir='ltr'>παρελύθη</span> <span class='ocrx_word' id='word_1_17' title='bbox 1836 304 1953 367; x_wconf 57' lang='lat' dir='ltr'>fier&amp;</span> 
     </span>
     <span class='ocr_line' id='line_1_4' title="bbox 345 387 2029 472; baseline 0.001 -20"><span class='ocrx_word' id='word_1_18' title='bbox 345 392 560 464; x_wconf 76' lang='grc' dir='ltr'>Ἱώνων,</span> <span class='ocrx_word' id='word_1_19' title='bbox 603 392 850 471; x_wconf 63' lang='grc' dir='ltr'>Σμύρνη·</span> <span class='ocrx_word' id='word_1_20' title='bbox 889 390 1040 468; x_wconf 86' lang='grc' dir='ltr'>ἦσαν</span> <span class='ocrx_word' id='word_1_21' title='bbox 1074 392 1187 472; x_wconf 73' lang='grc' dir='ltr'>γὰρ</span> <span class='ocrx_word' id='word_1_22' title='bbox 1226 391 1318 450; x_wconf 86' lang='grc' dir='ltr'>καὶ</span> <span class='ocrx_word' id='word_1_23' title='bbox 1352 387 1513 451; x_wconf 77' lang='grc' dir='ltr'>αὗται</span> <span class='ocrx_word' id='word_1_24' title='bbox 1538 390 1781 451; x_wconf 80' lang='grc' dir='ltr'>δυώδεκα</span> <span class='ocrx_word' id='word_1_25' title='bbox 1804 394 1865 452; x_wconf 81' lang='grc' dir='ltr'>αἶ</span> <span class='ocrx_word' id='word_1_26' title='bbox 1893 397 1954 453; x_wconf 89' lang='grc' dir='ltr'>ε’ν</span> <span class='ocrx_word' id='word_1_27' title='bbox 2021 408 2029 417; x_wconf 94' lang='grc'><em>“</em></span> 
     </span>
     <span class='ocr_line' id='line_1_5' title="bbox 344 478 1950 561; baseline 0.001 -21"><span class='ocrx_word' id='word_1_28' title='bbox 344 486 420 561; x_wconf 76' lang='grc' dir='ltr'>τῇ</span> <span class='ocrx_word' id='word_1_29' title='bbox 458 481 688 561; x_wconf 87' lang='grc' dir='ltr'>ἠπείρῳ.</span> <span class='ocrx_word' id='word_1_30' title='bbox 756 479 910 540; x_wconf 81' lang='grc' dir='ltr'>οὗτοι</span> <span class='ocrx_word' id='word_1_31' title='bbox 944 479 1006 539; x_wconf 80' lang='grc' dir='ltr'>δὲ</span> <span class='ocrx_word' id='word_1_32' title='bbox 1045 483 1102 539; x_wconf 81' lang='grc' dir='ltr'>οἱ</span> <span class='ocrx_word' id='word_1_33' title='bbox 1130 480 1366 543; x_wconf 79' lang='grc' dir='ltr'>Αἰολέες</span> <span class='ocrx_word' id='word_1_34' title='bbox 1396 478 1587 558; x_wconf 72' lang='grc' dir='ltr'>χώρην</span> <span class='ocrx_word' id='word_1_35' title='bbox 1617 482 1723 555; x_wconf 80' lang='grc' dir='ltr'>μὲν</span> <span class='ocrx_word' id='word_1_36' title='bbox 1752 480 1950 561; x_wconf 83' lang='grc' dir='ltr'>ἔτυχον</span> 
     </span>
     <span class='ocr_line' id='line_1_6' title="bbox 347 565 2036 645; baseline 0.001 -18"><span class='ocrx_word' id='word_1_37' title='bbox 347 570 638 632; x_wconf 70' lang='grc' dir='ltr'>κτίσαντες</span> <span class='ocrx_word' id='word_1_38' title='bbox 687 567 894 645; x_wconf 74' lang='grc' dir='ltr'>ἀμείνω</span> <span class='ocrx_word' id='word_1_39' title='bbox 942 566 1156 639; x_wconf 68' lang='grc' dir='ltr'>Ἰώνων,</span> <span class='ocrx_word' id='word_1_40' title='bbox 1210 566 1395 645; x_wconf 75' lang='grc' dir='ltr'>ὦρέων</span> <span class='ocrx_word' id='word_1_41' title='bbox 1446 567 1507 627; x_wconf 74' lang='grc' dir='ltr'>δὲ</span> <span class='ocrx_word' id='word_1_42' title='bbox 1556 565 1809 642; x_wconf 86' lang='grc' dir='ltr'>ἥκουσαν</span> <span class='ocrx_word' id='word_1_43' title='bbox 1850 567 1951 629; x_wconf 79' lang='grc' dir='ltr'>οὔκ</span> <span class='ocrx_word' id='word_1_44' title='bbox 2030 567 2036 571; x_wconf 54' lang='grc'><strong>’</strong></span> 
     </span>
     <span class='ocr_line' id='line_1_7' title="bbox 346 651 2046 734; baseline 0.001 -17"><span class='ocrx_word' id='word_1_45' title='bbox 346 656 566 734; x_wconf 77' lang='grc' dir='ltr'>ὁμοίως.</span> <span class='ocrx_word' id='word_1_46' title='bbox 635 654 896 733; x_wconf 78' lang='grc' dir='ltr'>Σμύρνην</span> <span class='ocrx_word' id='word_1_47' title='bbox 921 654 982 714; x_wconf 74' lang='grc' dir='ltr'>δὲ</span> <span class='ocrx_word' id='word_1_48' title='bbox 1017 651 1124 715; x_wconf 79' lang='grc' dir='ltr'>ὦδε</span> <span class='ocrx_word' id='word_1_49' title='bbox 1157 654 1456 731; x_wconf 75' lang='grc' dir='ltr'>ἀπέβαλον</span> <span class='ocrx_word' id='word_1_50' title='bbox 1478 656 1729 718; x_wconf 78' lang='grc' dir='ltr'>Αἰολέες.</span> <span class='ocrx_word' id='word_1_51' title='bbox 1796 662 1910 716; x_wconf 89' lang='grc' dir='ltr'>Κο-</span> <span class='ocrx_word' id='word_1_52' title='bbox 1930 658 2046 719; x_wconf 87' lang='grc'>150</span> 
     </span>
     <span class='ocr_line' id='line_1_8' title="bbox 345 741 1953 822; baseline -0.001 -17"><span class='ocrx_word' id='word_1_53' title='bbox 345 746 659 822; x_wconf 87' lang='grc' dir='ltr'>λοφωνίους</span> <span class='ocrx_word' id='word_1_54' title='bbox 684 742 886 821; x_wconf 78' lang='grc' dir='ltr'>ἄνδρας</span> <span class='ocrx_word' id='word_1_55' title='bbox 911 741 1088 803; x_wconf 78' lang='grc' dir='ltr'>στάσι</span> <span class='ocrx_word' id='word_1_56' title='bbox 1119 743 1469 806; x_wconf 77' lang='grc' dir='ltr'>ἑσσωθέντας</span> <span class='ocrx_word' id='word_1_57' title='bbox 1495 743 1589 802; x_wconf 82' lang='grc' dir='ltr'>καὶ</span> <span class='ocrx_word' id='word_1_58' title='bbox 1614 743 1953 809; x_wconf 81' lang='grc' dir='ltr'>ἐκπεσόντας</span> 
     </span>
     <span class='ocr_line' id='line_1_9' title="bbox 347 830 1954 912; baseline 0 -21"><span class='ocrx_word' id='word_1_59' title='bbox 347 836 410 892; x_wconf 79' lang='grc' dir='ltr'>ἐκ</span> <span class='ocrx_word' id='word_1_60' title='bbox 432 837 534 910; x_wconf 84' lang='grc' dir='ltr'>τῆς</span> <span class='ocrx_word' id='word_1_61' title='bbox 559 832 825 910; x_wconf 82' lang='grc' dir='ltr'>πατρίδος</span> <span class='ocrx_word' id='word_1_62' title='bbox 840 830 1195 901; x_wconf 80' lang='grc' dir='ltr'>ὖπεδέξαντο·</span> <span class='ocrx_word' id='word_1_63' title='bbox 1235 830 1380 908; x_wconf 74' lang='grc' dir='ltr'>μετὰ</span> <span class='ocrx_word' id='word_1_64' title='bbox 1406 830 1482 901; x_wconf 79' lang='grc' dir='ltr'>δὲ,</span> <span class='ocrx_word' id='word_1_65' title='bbox 1502 834 1557 891; x_wconf 87' lang='grc' dir='ltr'>οἰ</span> <span class='ocrx_word' id='word_1_66' title='bbox 1582 830 1829 912; x_wconf 78' lang='grc' dir='ltr'>φυγάδες</span> <span class='ocrx_word' id='word_1_67' title='bbox 1842 835 1954 893; x_wconf 80' lang='grc' dir='ltr'>τῶν</span> 
     </span>
     <span class='ocr_line' id='line_1_10' title="bbox 348 918 1955 997; baseline -0.001 -17"><span class='ocrx_word' id='word_1_68' title='bbox 348 918 730 997; x_wconf 61' lang='grc' dir='ltr'>Κολοφωνίων</span> <span class='ocrx_word' id='word_1_69' title='bbox 757 918 1108 996; x_wconf 71' lang='grc' dir='ltr'>φυλάξαντες</span> <span class='ocrx_word' id='word_1_70' title='bbox 1131 918 1262 983; x_wconf 70' lang='grc' dir='ltr'>τούς</span> <span class='ocrx_word' id='word_1_71' title='bbox 1287 920 1631 997; x_wconf 79' lang='grc' dir='ltr'>Σμυρναίους</span> <span class='ocrx_word' id='word_1_72' title='bbox 1655 918 1825 997; x_wconf 71' lang='grc' dir='ltr'>ὁρτὴν</span> <span class='ocrx_word' id='word_1_73' title='bbox 1852 920 1955 990; x_wconf 85' lang='grc' dir='ltr'>ἔξω</span> 
     </span>
     <span class='ocr_line' id='line_1_11' title="bbox 346 1006 1953 1088; baseline -0.001 -19"><span class='ocrx_word' id='word_1_74' title='bbox 346 1012 558 1088; x_wconf 87' lang='grc' dir='ltr'>τείχεος</span> <span class='ocrx_word' id='word_1_75' title='bbox 597 1010 955 1087; x_wconf 85' lang='grc' dir='ltr'>ποιευμένους</span> <span class='ocrx_word' id='word_1_76' title='bbox 995 1007 1273 1088; x_wconf 78' lang='grc' dir='ltr'>Διονύσῳ,</span> <span class='ocrx_word' id='word_1_77' title='bbox 1314 1006 1417 1071; x_wconf 80' lang='grc' dir='ltr'>τοὶς</span> <span class='ocrx_word' id='word_1_78' title='bbox 1456 1006 1641 1071; x_wconf 85' lang='grc' dir='ltr'>πύλας</span> <span class='ocrx_word' id='word_1_79' title='bbox 1680 1007 1953 1084; x_wconf 64' lang='grc' dir='ltr'>ἀποκληί-</span> 
     </span>
     <span class='ocr_line' id='line_1_12' title="bbox 348 1094 1953 1176; baseline -0.001 -19"><span class='ocrx_word' id='word_1_80' title='bbox 348 1121 551 1161; x_wconf 86' lang='grc' dir='ltr'>σαντες</span> <span class='ocrx_word' id='word_1_81' title='bbox 594 1099 764 1176; x_wconf 82' lang='grc' dir='ltr'>ἔσχον</span> <span class='ocrx_word' id='word_1_82' title='bbox 803 1096 908 1174; x_wconf 84' lang='grc' dir='ltr'>τὴν</span> <span class='ocrx_word' id='word_1_83' title='bbox 938 1096 1128 1157; x_wconf 88' lang='grc' dir='ltr'>πόλιν·</span> <span class='ocrx_word' id='word_1_84' title='bbox 1182 1094 1595 1174; x_wconf 80' lang='grc' dir='ltr'>βοηθησάντων</span> <span class='ocrx_word' id='word_1_85' title='bbox 1631 1095 1693 1155; x_wconf 86' lang='grc' dir='ltr'>δὲ</span> <span class='ocrx_word' id='word_1_86' title='bbox 1730 1094 1953 1156; x_wconf 79' lang='grc' dir='ltr'>πάντων</span> 
     </span>
     <span class='ocr_line' id='line_1_13' title="bbox 348 1181 1953 1265; baseline 0 -21"><span class='ocrx_word' id='word_1_87' title='bbox 348 1185 615 1256; x_wconf 89' lang='grc' dir='ltr'>Αἰολέων,</span> <span class='ocrx_word' id='word_1_88' title='bbox 643 1185 922 1265; x_wconf 82' lang='grc' dir='ltr'>ὁμολογίῃ</span> <span class='ocrx_word' id='word_1_89' title='bbox 949 1183 1284 1264; x_wconf 78' lang='grc' dir='ltr'>ἐχρήσαντο,</span> <span class='ocrx_word' id='word_1_90' title='bbox 1303 1183 1377 1243; x_wconf 83' lang='grc' dir='ltr'>τοὶ</span> <span class='ocrx_word' id='word_1_91' title='bbox 1402 1184 1613 1243; x_wconf 80' lang='grc' dir='ltr'>ἔπιπλα</span> <span class='ocrx_word' id='word_1_92' title='bbox 1632 1181 1953 1244; x_wconf 77' lang='grc' dir='ltr'>ἀποδόντων</span> 
     </span>
     <span class='ocr_line' id='line_1_14' title="bbox 346 1270 1956 1352; baseline -0.001 -20"><span class='ocrx_word' id='word_1_93' title='bbox 346 1277 460 1332; x_wconf 78' lang='grc' dir='ltr'>τῶν</span> <span class='ocrx_word' id='word_1_94' title='bbox 497 1272 692 1333; x_wconf 81' lang='grc' dir='ltr'>Ἰώνων</span> <span class='ocrx_word' id='word_1_95' title='bbox 724 1276 972 1333; x_wconf 77' lang='grc' dir='ltr'>ἐκλιπεῖν</span> <span class='ocrx_word' id='word_1_96' title='bbox 1004 1271 1265 1352; x_wconf 83' lang='grc' dir='ltr'>Σμύρνην</span> <span class='ocrx_word' id='word_1_97' title='bbox 1299 1272 1559 1335; x_wconf 86' lang='grc' dir='ltr'>Αἰολέας·</span> <span class='ocrx_word' id='word_1_98' title='bbox 1602 1270 1956 1348; x_wconf 76' lang='grc' dir='ltr'>ποιησόντων</span> 
     </span>
     <span class='ocr_line' id='line_1_15' title="bbox 350 1359 1955 1445; baseline -0.001 -26"><span class='ocrx_word' id='word_1_99' title='bbox 350 1360 414 1419; x_wconf 81' lang='grc' dir='ltr'>δὲ</span> <span class='ocrx_word' id='word_1_100' title='bbox 450 1364 628 1445; x_wconf 78' lang='grc' dir='ltr'>ταῦτα</span> <span class='ocrx_word' id='word_1_101' title='bbox 667 1361 1004 1439; x_wconf 84' lang='grc' dir='ltr'>Σμυρναίων,</span> <span class='ocrx_word' id='word_1_102' title='bbox 1047 1359 1412 1421; x_wconf 85' lang='grc' dir='ltr'>ε’πιδιείλοντό</span> <span class='ocrx_word' id='word_1_103' title='bbox 1452 1365 1637 1436; x_wconf 82' lang='grc' dir='ltr'>σφεας</span> <span class='ocrx_word' id='word_1_104' title='bbox 1672 1362 1731 1419; x_wconf 75' lang='grc' dir='ltr'>αἱ</span> <span class='ocrx_word' id='word_1_105' title='bbox 1764 1359 1955 1419; x_wconf 73' lang='grc' dir='ltr'>ἕνδεκα</span> 
     </span>
     <span class='ocr_line' id='line_1_16' title="bbox 349 1446 1952 1527; baseline -0.001 -19"><span class='ocrx_word' id='word_1_106' title='bbox 349 1448 562 1527; x_wconf 88' lang='grc' dir='ltr'>πόλιες,</span> <span class='ocrx_word' id='word_1_107' title='bbox 617 1450 708 1509; x_wconf 87' lang='grc' dir='ltr'>καὶ</span> <span class='ocrx_word' id='word_1_108' title='bbox 762 1448 1102 1525; x_wconf 82' lang='grc' dir='ltr'>ἐποιήσαντο</span> <span class='ocrx_word' id='word_1_109' title='bbox 1153 1449 1349 1524; x_wconf 84' lang='grc' dir='ltr'>σφέων</span> <span class='ocrx_word' id='word_1_110' title='bbox 1400 1448 1607 1509; x_wconf 76' lang='grc' dir='ltr'>αὐτέων</span> <span class='ocrx_word' id='word_1_111' title='bbox 1657 1446 1952 1523; x_wconf 81' lang='grc' dir='ltr'>πολιήτας.</span> 
     </span>
     <span class='ocr_line' id='line_1_17' title="bbox 349 1535 2043 1615; baseline -0.001 -18"><span class='ocrx_word' id='word_1_112' title='bbox 349 1535 529 1597; x_wconf 81' lang='grc' dir='ltr'>Αὗται</span> <span class='ocrx_word' id='word_1_113' title='bbox 563 1537 667 1615; x_wconf 88' lang='grc' dir='ltr'>μέν</span> <span class='ocrx_word' id='word_1_114' title='bbox 693 1564 789 1598; x_wconf 88' lang='grc' dir='ltr'>νυν</span> <span class='ocrx_word' id='word_1_115' title='bbox 814 1539 874 1597; x_wconf 82' lang='grc' dir='ltr'>αἱ</span> <span class='ocrx_word' id='word_1_116' title='bbox 903 1535 1259 1614; x_wconf 72' lang='grc' dir='ltr'>ἠπειρώτιδες</span> <span class='ocrx_word' id='word_1_117' title='bbox 1290 1537 1547 1599; x_wconf 85' lang='grc' dir='ltr'>Αἰολίδες</span> <span class='ocrx_word' id='word_1_118' title='bbox 1571 1535 1783 1607; x_wconf 87' lang='grc' dir='ltr'>πόλιες,</span> <span class='ocrx_word' id='word_1_119' title='bbox 1813 1535 1913 1604; x_wconf 80' lang='grc' dir='ltr'>ἔξω</span> <span class='ocrx_word' id='word_1_120' title='bbox 1932 1538 2043 1596; x_wconf 89' lang='grc'>151</span> 
     </span>
     <span class='ocr_line' id='line_1_18' title="bbox 347 1619 1951 1707; baseline -0.002 -20"><span class='ocrx_word' id='word_1_121' title='bbox 347 1630 458 1687; x_wconf 76' lang='grc' dir='ltr'>τῶν</span> <span class='ocrx_word' id='word_1_122' title='bbox 499 1630 556 1687; x_wconf 82' lang='grc' dir='ltr'>ἐν</span> <span class='ocrx_word' id='word_1_123' title='bbox 589 1630 663 1707; x_wconf 82' lang='grc' dir='ltr'>τῇ</span> <span class='ocrx_word' id='word_1_124' title='bbox 690 1624 816 1705; x_wconf 80' lang='grc' dir='ltr'>Ἴδῃ</span> <span class='ocrx_word' id='word_1_125' title='bbox 854 1626 1177 1702; x_wconf 85' lang='grc' dir='ltr'>οἰκημένων·</span> <span class='ocrx_word' id='word_1_126' title='bbox 1220 1625 1586 1705; x_wconf 83' lang='grc' dir='ltr'>κεχωρίδαται</span> <span class='ocrx_word' id='word_1_127' title='bbox 1618 1624 1729 1706; x_wconf 78' lang='grc' dir='ltr'>γὰρ</span> <span class='ocrx_word' id='word_1_128' title='bbox 1770 1619 1951 1684; x_wconf 78' lang='grc' dir='ltr'>αὗται·</span> 
     </span>
     <span class='ocr_line' id='line_1_19' title="bbox 348 1711 1985 1792; baseline -0.001 -19"><span class='ocrx_word' id='word_1_129' title='bbox 348 1717 408 1774; x_wconf 82' lang='grc' dir='ltr'>αἰ</span> <span class='ocrx_word' id='word_1_130' title='bbox 432 1714 492 1773; x_wconf 83' lang='grc' dir='ltr'>δὲ</span> <span class='ocrx_word' id='word_1_131' title='bbox 515 1714 617 1779; x_wconf 78' lang='grc' dir='ltr'>τοὶς</span> <span class='ocrx_word' id='word_1_132' title='bbox 639 1713 850 1791; x_wconf 83' lang='grc' dir='ltr'>νήσους</span> <span class='ocrx_word' id='word_1_133' title='bbox 876 1714 1125 1792; x_wconf 84' lang='grc' dir='ltr'>ἔχουσαι,</span> <span class='ocrx_word' id='word_1_134' title='bbox 1153 1716 1319 1774; x_wconf 89' lang='grc' dir='ltr'>πέντε</span> <span class='ocrx_word' id='word_1_135' title='bbox 1343 1716 1447 1789; x_wconf 80' lang='grc' dir='ltr'>μὲν</span> <span class='ocrx_word' id='word_1_136' title='bbox 1461 1712 1657 1775; x_wconf 86' lang='grc' dir='ltr'>πόλιες</span> <span class='ocrx_word' id='word_1_137' title='bbox 1680 1711 1785 1788; x_wconf 81' lang='grc' dir='ltr'>τήν</span> <span class='ocrx_word' id='word_1_138' title='bbox 1804 1712 1954 1772; x_wconf 85' lang='grc' dir='ltr'>Λέσ-</span> <span class='ocrx_word' id='word_1_139' title='bbox 1980 1766 1985 1771; x_wconf 94' lang='grc'>.</span> 
     </span>
     <span class='ocr_line' id='line_1_20' title="bbox 347 1801 1954 1883; baseline -0.002 -20"><span class='ocrx_word' id='word_1_140' title='bbox 347 1804 462 1879; x_wconf 83' lang='grc' dir='ltr'>βον</span> <span class='ocrx_word' id='word_1_141' title='bbox 499 1803 782 1880; x_wconf 85' lang='grc' dir='ltr'>νέμονται·</span> <span class='ocrx_word' id='word_1_142' title='bbox 834 1801 940 1878; x_wconf 73' lang='grc' dir='ltr'>τὴν</span> <span class='ocrx_word' id='word_1_143' title='bbox 973 1801 1086 1883; x_wconf 68' lang='grc' dir='ltr'>γὰρ</span> <span class='ocrx_word' id='word_1_144' title='bbox 1127 1801 1293 1878; x_wconf 80' lang='grc' dir='ltr'>ἕκτην</span> <span class='ocrx_word' id='word_1_145' title='bbox 1326 1806 1384 1861; x_wconf 82' lang='grc' dir='ltr'>ἐν</span> <span class='ocrx_word' id='word_1_146' title='bbox 1413 1805 1486 1881; x_wconf 82' lang='grc' dir='ltr'>τῇ</span> <span class='ocrx_word' id='word_1_147' title='bbox 1526 1802 1741 1880; x_wconf 85' lang='grc' dir='ltr'>Λέσβῳ</span> <span class='ocrx_word' id='word_1_148' title='bbox 1781 1803 1954 1859; x_wconf 88' lang='grc' dir='ltr'>οἰκεο-</span> 
     </span>
     <span class='ocr_line' id='line_1_21' title="bbox 346 1886 1957 1968; baseline 0 -18"><span class='ocrx_word' id='word_1_149' title='bbox 346 1892 520 1967; x_wconf 87' lang='grc' dir='ltr'>μένην</span> <span class='ocrx_word' id='word_1_150' title='bbox 558 1890 843 1968; x_wconf 87' lang='grc' dir='ltr'>Ἀρίσβαν</span> <span class='ocrx_word' id='word_1_151' title='bbox 883 1888 1304 1967; x_wconf 80' lang='grc' dir='ltr'>ἠνδραπόδισαν</span> <span class='ocrx_word' id='word_1_152' title='bbox 1355 1890 1719 1965; x_wconf 84' lang='grc' dir='ltr'>Μηθυμναῖοι</span> <span class='ocrx_word' id='word_1_153' title='bbox 1764 1886 1957 1950; x_wconf 81' lang='grc' dir='ltr'>ε’όντας</span> 
     </span>
     <span class='ocr_line' id='line_1_22' title="bbox 348 1975 1955 2057; baseline -0.001 -20"><span class='ocrx_word' id='word_1_154' title='bbox 348 1978 640 2056; x_wconf 79' lang='grc' dir='ltr'>ὁμαίμους·</span> <span class='ocrx_word' id='word_1_155' title='bbox 683 1983 742 2039; x_wconf 77' lang='grc' dir='ltr'>ἐν</span> <span class='ocrx_word' id='word_1_156' title='bbox 776 1978 988 2057; x_wconf 85' lang='grc' dir='ltr'>Τενέδῳ</span> <span class='ocrx_word' id='word_1_157' title='bbox 1024 1978 1084 2037; x_wconf 85' lang='grc' dir='ltr'>δὲ</span> <span class='ocrx_word' id='word_1_158' title='bbox 1118 1978 1224 2055; x_wconf 90' lang='grc' dir='ltr'>μία</span> <span class='ocrx_word' id='word_1_159' title='bbox 1264 1978 1503 2037; x_wconf 89' lang='grc' dir='ltr'>οἰκέεται</span> <span class='ocrx_word' id='word_1_160' title='bbox 1541 1976 1725 2046; x_wconf 88' lang='grc' dir='ltr'>πόλις,</span> <span class='ocrx_word' id='word_1_161' title='bbox 1764 1975 1859 2034; x_wconf 83' lang='grc' dir='ltr'>καὶ</span> <span class='ocrx_word' id='word_1_162' title='bbox 1894 1979 1955 2035; x_wconf 80' lang='grc' dir='ltr'>ἐν</span> 
     </span>
     <span class='ocr_line' id='line_1_23' title="bbox 348 2063 1706 2145; baseline -0.004 -20"><span class='ocrx_word' id='word_1_163' title='bbox 348 2070 487 2145; x_wconf 75' lang='grc' dir='ltr'>τῇσι</span> <span class='ocrx_word' id='word_1_164' title='bbox 507 2065 976 2142; x_wconf 83' lang='grc' dir='ltr'>Ἑκατοννήσοισι</span> <span class='ocrx_word' id='word_1_165' title='bbox 1000 2066 1377 2145; x_wconf 85' lang='grc' dir='ltr'>καλεομένῃσι</span> <span class='ocrx_word' id='word_1_166' title='bbox 1403 2064 1557 2140; x_wconf 79' lang='grc' dir='ltr'>ἄλλη</span> <span class='ocrx_word' id='word_1_167' title='bbox 1582 2063 1706 2141; x_wconf 90' lang='grc' dir='ltr'>μία.</span> 
     </span>
     <span class='ocr_line' id='line_1_24' title="bbox 432 2146 1956 2231; baseline -0.002 -18"><span class='ocrx_word' id='word_1_168' title='bbox 432 2153 747 2230; x_wconf 87' lang='grc' dir='ltr'>Λεσβίοισι</span> <span class='ocrx_word' id='word_1_169' title='bbox 770 2154 876 2231; x_wconf 90' lang='grc' dir='ltr'>μέν</span> <span class='ocrx_word' id='word_1_170' title='bbox 900 2179 998 2213; x_wconf 87' lang='grc' dir='ltr'>νυν</span> <span class='ocrx_word' id='word_1_171' title='bbox 1024 2155 1117 2214; x_wconf 87' lang='grc' dir='ltr'>καὶ</span> <span class='ocrx_word' id='word_1_172' title='bbox 1142 2154 1468 2224; x_wconf 88' lang='grc' dir='ltr'>Τενεδίοισι,</span> <span class='ocrx_word' id='word_1_173' title='bbox 1486 2150 1734 2228; x_wconf 82' lang='grc' dir='ltr'>κατάπερ</span> <span class='ocrx_word' id='word_1_174' title='bbox 1758 2146 1956 2211; x_wconf 75' lang='grc' dir='ltr'>Ἰώνων</span> 
     </span>
     <span class='ocr_line' id='line_1_25' title="bbox 350 2238 1957 2320; baseline -0.002 -19"><span class='ocrx_word' id='word_1_175' title='bbox 350 2244 507 2301; x_wconf 81' lang='grc' dir='ltr'>τοῖσι</span> <span class='ocrx_word' id='word_1_176' title='bbox 543 2240 644 2303; x_wconf 76' lang='grc' dir='ltr'>τοὶς</span> <span class='ocrx_word' id='word_1_177' title='bbox 683 2240 890 2317; x_wconf 84' lang='grc' dir='ltr'>νήσους</span> <span class='ocrx_word' id='word_1_178' title='bbox 930 2241 1144 2320; x_wconf 81' lang='grc' dir='ltr'>ἔχουσι,</span> <span class='ocrx_word' id='word_1_179' title='bbox 1178 2240 1249 2317; x_wconf 85' lang='grc' dir='ltr'>ἦν</span> <span class='ocrx_word' id='word_1_180' title='bbox 1286 2239 1463 2302; x_wconf 81' lang='grc' dir='ltr'>δεινόν</span> <span class='ocrx_word' id='word_1_181' title='bbox 1508 2238 1685 2299; x_wconf 72' lang='grc' dir='ltr'>οὐδέν·</span> <span class='ocrx_word' id='word_1_182' title='bbox 1726 2242 1864 2317; x_wconf 83' lang='grc' dir='ltr'>τῇσι</span> <span class='ocrx_word' id='word_1_183' title='bbox 1894 2238 1957 2297; x_wconf 79' lang='grc' dir='ltr'>δὲ</span> 
     </span>
     <span class='ocr_line' id='line_1_26' title="bbox 351 2322 1955 2409; baseline -0.002 -20"><span class='ocrx_word' id='word_1_184' title='bbox 351 2334 594 2409; x_wconf 64' lang='grc' dir='ltr'>λοιπῇσι</span> <span class='ocrx_word' id='word_1_185' title='bbox 624 2327 826 2390; x_wconf 80' lang='grc' dir='ltr'>πόλισι</span> <span class='ocrx_word' id='word_1_186' title='bbox 866 2329 992 2389; x_wconf 81' lang='grc' dir='ltr'>ἕαδε</span> <span class='ocrx_word' id='word_1_187' title='bbox 1024 2335 1183 2409; x_wconf 82' lang='grc' dir='ltr'>κοινῇ</span> <span class='ocrx_word' id='word_1_188' title='bbox 1202 2329 1367 2390; x_wconf 83' lang='grc' dir='ltr'>Ἴωσι</span> <span class='ocrx_word' id='word_1_189' title='bbox 1405 2328 1643 2389; x_wconf 80' lang='grc' dir='ltr'>ἕπεσθαι</span> <span class='ocrx_word' id='word_1_190' title='bbox 1664 2330 1737 2406; x_wconf 79' lang='grc' dir='ltr'>τῇ</span> <span class='ocrx_word' id='word_1_191' title='bbox 1764 2324 1833 2387; x_wconf 80' lang='grc' dir='ltr'>ἂν</span> <span class='ocrx_word' id='word_1_192' title='bbox 1864 2322 1955 2386; x_wconf 79' lang='grc' dir='ltr'>οὗ·</span> 
     </span>
     <span class='ocr_line' id='line_1_27' title="bbox 349 2413 2051 2498; baseline -0.004 -20"><span class='ocrx_word' id='word_1_193' title='bbox 349 2444 442 2479; x_wconf 88' lang='grc' dir='ltr'>τοι</span> <span class='ocrx_word' id='word_1_194' title='bbox 477 2417 826 2498; x_wconf 76' lang='grc' dir='ltr'>ἐξηγέωνται.</span> <span class='ocrx_word' id='word_1_195' title='bbox 890 2416 990 2479; x_wconf 86' lang='grc' dir='ltr'>Ὡς</span> <span class='ocrx_word' id='word_1_196' title='bbox 1020 2418 1080 2476; x_wconf 80' lang='grc' dir='ltr'>δὲ</span> <span class='ocrx_word' id='word_1_197' title='bbox 1111 2417 1379 2477; x_wconf 74' lang='grc' dir='ltr'>ἀπικέατο</span> <span class='ocrx_word' id='word_1_198' title='bbox 1422 2422 1478 2480; x_wconf 86' lang='grc' dir='ltr'>ε’ς</span> <span class='ocrx_word' id='word_1_199' title='bbox 1513 2415 1618 2492; x_wconf 79' lang='grc' dir='ltr'>τὴν</span> <span class='ocrx_word' id='word_1_200' title='bbox 1650 2413 1915 2493; x_wconf 75' lang='grc' dir='ltr'>Σπάρτην</span> <span class='ocrx_word' id='word_1_201' title='bbox 1935 2415 2051 2473; x_wconf 79' lang='grc'>152</span> 
     </span>
     <span class='ocr_line' id='line_1_28' title="bbox 349 2500 1955 2587; baseline -0.004 -21"><span class='ocrx_word' id='word_1_202' title='bbox 349 2509 464 2566; x_wconf 77' lang='grc' dir='ltr'>τῶν</span> <span class='ocrx_word' id='word_1_203' title='bbox 501 2505 698 2566; x_wconf 81' lang='grc' dir='ltr'>Ἰώνων</span> <span class='ocrx_word' id='word_1_204' title='bbox 729 2506 823 2565; x_wconf 82' lang='grc' dir='ltr'>καὶ</span> <span class='ocrx_word' id='word_1_205' title='bbox 859 2506 1108 2565; x_wconf 89' lang='grc' dir='ltr'>Αἰολέων</span> <span class='ocrx_word' id='word_1_206' title='bbox 1146 2507 1201 2565; x_wconf 82' lang='grc' dir='ltr'>οἱ</span> <span class='ocrx_word' id='word_1_207' title='bbox 1240 2503 1493 2587; x_wconf 76' lang='grc' dir='ltr'>ἄγγελοι,</span> <span class='ocrx_word' id='word_1_208' title='bbox 1534 2502 1701 2585; x_wconf 74' lang='grc' dir='ltr'>(κατὰ</span> <span class='ocrx_word' id='word_1_209' title='bbox 1739 2502 1850 2584; x_wconf 74' lang='grc' dir='ltr'>γὰρ</span> <span class='ocrx_word' id='word_1_210' title='bbox 1864 2526 1871 2531; x_wconf 94' lang='grc'>·</span> <span class='ocrx_word' id='word_1_211' title='bbox 1886 2500 1955 2578; x_wconf 75' lang='grc' dir='ltr'>δὴ</span> 
     </span>
     <span class='ocr_line' id='line_1_29' title="bbox 351 2589 1957 2673; baseline -0.003 -19"><span class='ocrx_word' id='word_1_212' title='bbox 351 2592 526 2673; x_wconf 76' lang='grc' dir='ltr'>τάχος</span> <span class='ocrx_word' id='word_1_213' title='bbox 563 2592 634 2670; x_wconf 85' lang='grc' dir='ltr'>ἦν</span> <span class='ocrx_word' id='word_1_214' title='bbox 669 2597 847 2655; x_wconf 78' lang='grc' dir='ltr'>ταῦτα</span> <span class='ocrx_word' id='word_1_215' title='bbox 884 2592 1302 2673; x_wconf 86' lang='grc' dir='ltr'>πρησσόμενα,)</span> <span class='ocrx_word' id='word_1_216' title='bbox 1343 2592 1561 2652; x_wconf 83' lang='grc' dir='ltr'>εἴλοντο</span> <span class='ocrx_word' id='word_1_217' title='bbox 1592 2590 1705 2670; x_wconf 81' lang='grc' dir='ltr'>πρό</span> <span class='ocrx_word' id='word_1_218' title='bbox 1738 2589 1957 2651; x_wconf 80' lang='grc' dir='ltr'>πάντων</span> 
     </span>
     <span class='ocr_line' id='line_1_30' title="bbox 354 2676 1958 2762; baseline -0.001 -23"><span class='ocrx_word' id='word_1_219' title='bbox 354 2682 542 2762; x_wconf 88' lang='grc' dir='ltr'>λέγειν</span> <span class='ocrx_word' id='word_1_220' title='bbox 577 2682 677 2742; x_wconf 83' lang='grc' dir='ltr'>τόν</span> <span class='ocrx_word' id='word_1_221' title='bbox 707 2682 956 2752; x_wconf 85' lang='grc' dir='ltr'>Φωκαέα,</span> <span class='ocrx_word' id='word_1_222' title='bbox 989 2686 1068 2760; x_wconf 77' lang='grc' dir='ltr'>τῷ</span> <span class='ocrx_word' id='word_1_223' title='bbox 1104 2679 1317 2757; x_wconf 80' lang='grc' dir='ltr'>οὕνομα</span> <span class='ocrx_word' id='word_1_224' title='bbox 1354 2679 1427 2756; x_wconf 85' lang='grc' dir='ltr'>ἦν</span> <span class='ocrx_word' id='word_1_225' title='bbox 1468 2678 1785 2757; x_wconf 83' lang='grc' dir='ltr'>Πύθερμος·</span> <span class='ocrx_word' id='word_1_226' title='bbox 1831 2676 1865 2738; x_wconf 81' lang='grc' dir='ltr'><em>ὅ</em></span> <span class='ocrx_word' id='word_1_227' title='bbox 1898 2677 1958 2737; x_wconf 83' lang='grc' dir='ltr'>δὲ</span> 
     </span>
     <span class='ocr_line' id='line_1_31' title="bbox 353 2764 1958 2848; baseline -0.001 -21"><span class='ocrx_word' id='word_1_228' title='bbox 353 2768 676 2848; x_wconf 84' lang='grc' dir='ltr'>πορφύρεόν</span> <span class='ocrx_word' id='word_1_229' title='bbox 696 2795 760 2829; x_wconf 90' lang='grc' dir='ltr'>τε</span> <span class='ocrx_word' id='word_1_230' title='bbox 786 2770 916 2847; x_wconf 84' lang='grc' dir='ltr'>εἷμα</span> <span class='ocrx_word' id='word_1_231' title='bbox 949 2768 1401 2847; x_wconf 85' lang='grc' dir='ltr'>περιβαλόμενος</span> <span class='ocrx_word' id='word_1_232' title='bbox 1428 2767 1499 2831; x_wconf 80' lang='grc' dir='ltr'>ὦς</span> <span class='ocrx_word' id='word_1_233' title='bbox 1523 2764 1593 2827; x_wconf 77' lang='grc' dir='ltr'>ἂν</span> <span class='ocrx_word' id='word_1_234' title='bbox 1617 2764 1958 2842; x_wconf 81' lang='grc' dir='ltr'>πυνθανόμε-</span> 
     </span>
     <span class='ocr_line' id='line_1_32' title="bbox 355 2852 1957 2935; baseline -0.004 -18"><span class='ocrx_word' id='word_1_235' title='bbox 355 2881 442 2917; x_wconf 91' lang='grc' dir='ltr'>νοι</span> <span class='ocrx_word' id='word_1_236' title='bbox 467 2860 732 2918; x_wconf 81' lang='grc' dir='ltr'>πλεῖστοι</span> <span class='ocrx_word' id='word_1_237' title='bbox 758 2858 1084 2918; x_wconf 85' lang='grc' dir='ltr'>συνέλθοιεν</span> <span class='ocrx_word' id='word_1_238' title='bbox 1109 2855 1519 2935; x_wconf 79' lang='grc' dir='ltr'>Σπαρτιητέων,</span> <span class='ocrx_word' id='word_1_239' title='bbox 1539 2855 1632 2915; x_wconf 83' lang='grc' dir='ltr'>καὶ</span> <span class='ocrx_word' id='word_1_240' title='bbox 1658 2852 1957 2923; x_wconf 75' lang='grc' dir='ltr'>καταστὰς,</span> 
     </span>
     <span class='ocr_line' id='line_1_33' title="bbox 357 2940 1957 3025; baseline -0.003 -22"><span class='ocrx_word' id='word_1_241' title='bbox 357 2946 518 3025; x_wconf 80' lang='grc' dir='ltr'>ἔλεγε</span> <span class='ocrx_word' id='word_1_242' title='bbox 555 2945 750 3003; x_wconf 75' lang='grc' dir='ltr'>πολλὰ</span> <span class='ocrx_word' id='word_1_243' title='bbox 783 2945 1070 3024; x_wconf 85' lang='grc' dir='ltr'>τιμωρέειν</span> <span class='ocrx_word' id='word_1_244' title='bbox 1116 2948 1372 3004; x_wconf 80' lang='grc' dir='ltr'>ἑωυτοῖσι</span> <span class='ocrx_word' id='word_1_245' title='bbox 1400 2941 1637 3022; x_wconf 81' lang='grc' dir='ltr'>χρῄζων·</span> <span class='ocrx_word' id='word_1_246' title='bbox 1688 2940 1957 3003; x_wconf 82' lang='grc' dir='ltr'>Λακεδαι-</span> 
     </span>
     <span class='ocr_line' id='line_1_34' title="bbox 355 3028 1957 3109; baseline -0.006 -16"><span class='ocrx_word' id='word_1_247' title='bbox 355 3032 540 3109; x_wconf 89' lang='grc' dir='ltr'>μόνιοι</span> <span class='ocrx_word' id='word_1_248' title='bbox 566 3032 625 3091; x_wconf 81' lang='grc' dir='ltr'>δὲ</span> <span class='ocrx_word' id='word_1_249' title='bbox 651 3031 715 3092; x_wconf 79' lang='grc' dir='ltr'>οὔ</span> <span class='ocrx_word' id='word_1_250' title='bbox 744 3058 848 3095; x_wconf 90' lang='grc' dir='ltr'>κως</span> <span class='ocrx_word' id='word_1_251' title='bbox 879 3032 1098 3109; x_wconf 86' lang='grc' dir='ltr'>ἤκουον,</span> <span class='ocrx_word' id='word_1_252' title='bbox 1127 3031 1259 3091; x_wconf 75' lang='grc' dir='ltr'>ἀλλ’</span> <span class='ocrx_word' id='word_1_253' title='bbox 1288 3030 1526 3100; x_wconf 76' lang='grc' dir='ltr'>ἀπέδοξέ</span> <span class='ocrx_word' id='word_1_254' title='bbox 1551 3036 1663 3105; x_wconf 88' lang='grc' dir='ltr'>σφι</span> <span class='ocrx_word' id='word_1_255' title='bbox 1687 3028 1769 3106; x_wconf 81' lang='grc' dir='ltr'><em>μή</em></span> <span class='ocrx_word' id='word_1_256' title='bbox 1793 3052 1957 3101; x_wconf 83' lang='grc' dir='ltr'>τιμω·</span> 
     </span>
     <span class='ocr_line' id='line_1_35' title="bbox 355 3113 1959 3198; baseline -0.007 -17"><span class='ocrx_word' id='word_1_257' title='bbox 355 3120 690 3198; x_wconf 84' lang='grc' dir='ltr'>ρέεινἿωσι.</span> <span class='ocrx_word' id='word_1_258' title='bbox 745 3124 800 3181; x_wconf 84' lang='grc' dir='ltr'>οἰ</span> <span class='ocrx_word' id='word_1_259' title='bbox 825 3124 928 3197; x_wconf 84' lang='grc' dir='ltr'>μὲν</span> <span class='ocrx_word' id='word_1_260' title='bbox 945 3120 1012 3196; x_wconf 74' lang='grc' dir='ltr'>δὴ</span> <span class='ocrx_word' id='word_1_261' title='bbox 1032 3118 1502 3181; x_wconf 75' lang='grc' dir='ltr'>ἀπαλλάσσοντο·</span> <span class='ocrx_word' id='word_1_262' title='bbox 1530 3113 1959 3190; x_wconf 86' lang='grc' dir='ltr'>Λακεδαιμόνιοι</span> 
     </span>
     <span class='ocr_line' id='line_1_36' title="bbox 357 3198 1958 3288; baseline -0.006 -19"><span class='ocrx_word' id='word_1_263' title='bbox 357 3208 419 3269; x_wconf 83' lang='grc' dir='ltr'>δὲ</span> <span class='ocrx_word' id='word_1_264' title='bbox 442 3208 804 3288; x_wconf 74' lang='grc' dir='ltr'>ἀπωσάμενοι</span> <span class='ocrx_word' id='word_1_265' title='bbox 828 3212 940 3270; x_wconf 78' lang='grc' dir='ltr'>τῶν</span> <span class='ocrx_word' id='word_1_266' title='bbox 963 3207 1161 3268; x_wconf 79' lang='grc' dir='ltr'>Ἰώνων</span> <span class='ocrx_word' id='word_1_267' title='bbox 1184 3206 1317 3271; x_wconf 76' lang='grc' dir='ltr'>τούς</span> <span class='ocrx_word' id='word_1_268' title='bbox 1342 3206 1633 3287; x_wconf 74' lang='grc' dir='ltr'>ἀγγέλους,</span> <span class='ocrx_word' id='word_1_269' title='bbox 1653 3201 1800 3277; x_wconf 83' lang='grc' dir='ltr'>ὅμως</span> <span class='ocrx_word' id='word_1_270' title='bbox 1824 3198 1958 3259; x_wconf 77' lang='grc' dir='ltr'>ἀπέ-</span> 
     </span>
     <span class='ocr_line' id='line_1_37' title="bbox 355 3285 1956 3377; baseline -0.011 -16"><span class='ocrx_word' id='word_1_271' title='bbox 355 3302 592 3361; x_wconf 80' lang='grc' dir='ltr'>στειλαν</span> <span class='ocrx_word' id='word_1_272' title='bbox 633 3297 1047 3377; x_wconf 74' lang='grc' dir='ltr'>πεντηκοντέρῳ</span> <span class='ocrx_word' id='word_1_273' title='bbox 1085 3294 1309 3374; x_wconf 77' lang='grc' dir='ltr'>ἄνδρας,</span> <span class='ocrx_word' id='word_1_274' title='bbox 1346 3292 1421 3357; x_wconf 77' lang='grc' dir='ltr'>ὥς</span> <span class='ocrx_word' id='word_1_275' title='bbox 1453 3293 1559 3369; x_wconf 79' lang='grc' dir='ltr'>μὲν</span> <span class='ocrx_word' id='word_1_276' title='bbox 1598 3287 1725 3354; x_wconf 72' lang='grc' dir='ltr'>ἐμοὶ</span> <span class='ocrx_word' id='word_1_277' title='bbox 1761 3285 1956 3359; x_wconf 87' lang='grc' dir='ltr'>δοκέει,</span> 
     </span>
    </p>
   </div>
  </div>
 </body>
</html>
