2267 3517
334 156 493 205 94-9
501 152 552 219 6]
1018 152 1245 203 mm.
1870 154 1937 201 49

331 228 704 314 λαγχανούσῃ
727 235 840 293 τῶν
864 233 1100 311 μοιρέων
1127 228 1328 291 ἐωυτόν
1348 228 1452 290 τόν
1475 229 1731 306 βασιλέα
1755 254 1935 307 προσ-

331 320 586 391 τάσσειν,
641 320 734 379 ἐπὶ
785 320 846 380 δὲ
897 323 970 398 τῇ
1035 317 1530 397 ἀπαλλασσομένῃ
1579 316 1682 379 τὸν
1735 322 1936 381 ἐωυτοῧ

333 409 524 482 παῖδα,
544 412 622 487 τῷ
649 406 860 485 οὔνομα
881 407 1020 468 εἶναι
1037 404 1345 485 Τυρσηνόν·
1374 403 1655 485 λαχόντας
1674 406 1735 465 δὲ
1755 406 1935 468 αὐτῶν

334 495 465 560 τούς
511 497 728 574 ἐτέρους
773 496 974 566 ἐξιέναι
1017 499 1078 555 ἐκ
1123 497 1228 570 τῆς
1271 492 1471 573 χώρης,
1520 495 1837 572 καταβῆναι
1884 499 1941 561 ἐς

339 584 600 662 Σμύρνην
622 584 716 643 καὶ
742 580 1189 663 μηχανήσασθαι
1212 584 1407 651 πλοῖα,
1436 585 1491 644 ἐς
1512 579 1585 641 rot
1612 582 1943 658 ἐσθεμένους

339 671 412 733 τοῖ
451 673 636 733 πάντα
675 670 790 733 ὅσα
822 676 937 747 σφι
973 669 1046 746 ἦν
1082 667 1309 749 χρηστὰ
1348 669 1609 739 ἐπίπλοα,
1638 667 1944 733 ἀποπλέειν

341 760 483 821 κατοὶ
522 761 658 836 βίου
698 784 763 821 τε
803 760 898 819 καὶ
936 762 1043 841 γῆς
1084 756 1335 835 ζήτησιν·
1380 762 1435 821 ἐς
1476 756 1510 818 ὃ
1551 758 1711 819 ἔθνεα
1744 759 1941 821 πολλὰ

341 848 868 928 παραμειψαμένους
919 846 1223 907 α’πικέσθαι
1274 850 1330 910 ἐς
1380 844 1744 924 Ὀμβρικούς·
1812 848 1943 909 ἔνθα

342 938 528 1013 σφέας
579 934 978 1014 ἐνιδρύσασθαι
1023 932 1231 998 πόλιας
1277 934 1372 994 καὶ
1425 935 1621 995 οἰκέειν
1664 934 1753 1001 va,
1774 936 1943 1017 μέχρι

343 1024 522 1084 τοῦδε·
550 1023 672 1084 ἀντὶ
692 1024 752 1083 δὲ
775 1022 974 1084 Λυδῶν
997 1022 1489 1098 μετονομασθῆναι
1509 1019 1707 1085 αὖτοῦς
1733 1024 1824 1081 ἐπὶ
1842 1028 1943 1085 τοῦ

343 1112 624 1189 βασιλέος
656 1115 759 1172 τοῦ
783 1110 982 1174 παιδός
1017 1109 1080 1175 ὅς
1116 1114 1304 1187 σφεας
1328 1107 1590 1190 ἀνήγαγε,
1621 1110 1714 1169 ἐπὶ
1743 1109 1945 1171 τούτου

345 1197 452 1273 τήν
479 1199 788 1276 ἐπωνυμίην
811 1198 1170 1275 ποιευμένους
1196 1196 1581 1274 ὄνομασῆναι
1604 1197 1945 1275 Τυρσηνούς.

349 1286 525 1346 Λυδοὶ
548 1290 652 1363 μὲν
676 1285 744 1363 δὴ
767 1285 878 1346 ὖπό
903 1285 1170 1366 Πέρσῃσι
1201 1285 1559 1346 δεδούλωντο.

431 1372 774 1451 Ἐπιδίζηται
799 1374 860 1433 δὲ
884 1373 953 1451 δὴ
978 1374 1044 1435 τὸ
1071 1376 1321 1435 ἐνθεῦτεν
1344 1373 1481 1451 ἡμῖν
1506 1374 1539 1435 ὅ
1564 1375 1737 1459 λόγος
1760 1376 1861 1438 τόν
1882 1402 1945 1437 τε
1962 1380 2039 1439 95

353 1465 546 1540 Κῦρον
579 1461 736 1527 ὅστις
778 1462 880 1524 ε’ὠν
907 1461 1012 1540 τὴν
1052 1463 1308 1541 Κροίσου
1349 1462 1534 1543 ἀρχὴν
1573 1468 1811 1537 κατεῖλε,
1857 1465 1950 1525 καὶ

348 1548 482 1614 τούς
505 1552 738 1629 Πέρσας
762 1550 899 1631 ὅτεῳ
924 1550 1112 1631 τρόπῳ
1138 1550 1431 1632 ἡγήσαντο
1453 1554 1557 1627 τῆς
1579 1550 1797 1629 Ἀσίης.
1880 1552 1951 1618 ὥς

352 1636 428 1698 ὧν
454 1640 724 1717 Περσέων
752 1639 1098 1717 μετεξέτεροι
1125 1640 1381 1720 λέγουσι,
1410 1642 1464 1698 οἶ
1497 1639 1577 1717 μή
1608 1640 1951 1719 βουλόμενοι

351 1730 594 1804 σεμνοῦν
617 1727 688 1788 τοὶ
707 1728 836 1806 περὶ
864 1730 1055 1803 Κῦρον
1073 1726 1230 1786 ἀλλὰ
1254 1726 1352 1789 τόν
1374 1725 1535 1787 ἐόντα
1555 1728 1741 1809 λέγειν
1759 1728 1951 1812 λόγον,

321 1878 328 1885 ,
353 1840 494 1875 κατα
517 1819 694 1877 ταῦτα
715 1814 935 1897 γράψω,
963 1813 1333 1892 ἐπιστάμενος
1356 1815 1485 1893 περὶ
1512 1814 1703 1894 Κύρου
1722 1817 1815 1876 καὶ
1837 1844 1951 1896 τρι·

351 1904 568 2011 φασίας
581 1902 765 1967 ἄλλας
783 1902 970 1984 λόγων
989 1900 1153 1966 ὁδοῦς
1172 1907 1366 1979 φῆναι.
1422 1904 1740 1980 Ἀσσυρίων
1755 1904 1977 1985 αρχόν-’

349 2016 458 2051 των
481 1996 584 2068 τῆς
609 1991 722 2050 ἅνω
751 1991 955 2067 Ἀσίης
987 1990 1071 2050 ἐπ’
1099 1992 1223 2049 ἔτεα
1257 1988 1437 2050 εἴκοσι
1470 2016 1563 2048 και
1596 1992 1952 2064 πεντακόσια,

351 2082 563 2154 πρῶτοι
597 2076 691 2136 απ’
729 2076 912 2137 αὐτῶν
947 2076 1139 2151 Μῆδοι
1173 2074 1412 2153 ἤρξαντο
1450 2074 1823 2137 ἀπίστασθαι·
1864 2104 1957 2140 και

355 2189 462 2227 κως
503 2161 658 2223 οὗτοι
696 2164 828 2241 περὶ
872 2166 974 2239 τῆς
1016 2162 1329 2239 ἐλευθερίης
1374 2162 1761 2241 μαχεσάμενοι
1804 2168 1959 2227 τοῖσι

352 2251 736 2328 Ἀσσυρίοισι,
755 2250 1009 2332 ἐγένοντο
1029 2249 1222 2328 ἄνδρες
1240 2248 1460 2333 ἀγαθοί·
1489 2252 1581 2310 καὶ
1596 2250 1955 2332 ἀπωσάμενοι

351 2340 458 2417 τήν
490 2338 852 2416 δουλοσύνην,
878 2334 1363 2416 ἠλευθερώθησαν.
1443 2338 1587 2417 μετοὶ
1620 2339 1679 2402 δὲ
1709 2341 1955 2417 τούτους,

357 2429 452 2489 καὶ
495 2427 570 2487 τοὶ
614 2425 770 2487 ἄλλα
821 2427 980 2489 ἔθνεα
1027 2428 1209 2487 ἐποίεε
1252 2426 1427 2488 τώυτό
1478 2431 1632 2495 *roffi-1.
1683 2430 1957 2506 Μήδοισι.

359 2516 560 2576 ἐόντων
593 2515 654 2575 δὲ
683 2515 1002 2593 αὐτονόμων
1039 2515 1261 2576 πάντων
1299 2515 1406 2576 ἄνεί
1441 2516 1549 2593 τήν
1584 2515 1815 2594 ἤπειρον
1855 2517 1959 2579 ὦδε

359 2602 513 2667 αὖτις
539 2609 594 2669 ἐς
623 2605 944 2683 τυραννίδας
975 2604 1303 2683 περιῆλθον·
1343 2602 1515 2682 Ἀνὴρ
1549 2611 1607 2668 ἐν
1640 2610 1795 2666 τοῖσι
1830 2607 1957 2682 Μή·
1976 2610 2051 2668 96

359 2690 510 2750 δοισι
541 2694 758 2773 ἐγένετο
792 2690 979 2768 σοφός
1011 2696 1088 2771 τῷ
1113 2690 1323 2768 οὔνομα
1357 2691 1427 2769 ἦν
1455 2691 1715 2769 Δηϊόκης,
1741 2699 1873 2758 παῖς
1899 2696 1959 2756 δὲ

359 2776 430 2854 ἦν
455 2779 767 2857 Φραόρτεω·
809 2777 970 2843 οὗτος
1000 2778 1034 2839 ὅ
1070 2778 1318 2856 Δηῖόκης
1355 2781 1609 2857 ἐρασθεὶς
1642 2783 1960 2860 τυραννίδος

362 2867 543 2926 ἐποίεε
560 2866 764 2927 τοιάδε.
823 2868 1229 2944 κατοικημένων
1245 2870 1355 2927 τῶν
1375 2866 1586 2944 Μήδων
1601 2868 1741 2928 κατσῖ
1758 2869 1957 2947 κώμας,

363 2960 422 3016 ἐν
445 2958 520 3034 τῇ
546 2958 746 3015 {mm-013
781 2954 883 3015 ἐῶν
917 2954 1010 3013 καὶ
1039 2953 1311 3031 πρότερον
1349 2954 1573 3032 δόκιμος
1610 2957 1703 3015 καὶ
1732 2957 1959 3033 μᾶλλόν

359 3068 417 3105 τι
447 3044 541 3102 καὶ
575 3041 994 3120 προθυμότερον
1029 3041 1383 3117 δικαιοσύνην
1414 3044 1733 3119 ἐπιθέμενος
1768 3041 1958 3117 ἤσκεε·

364 3132 456 3191 καὶ
480 3134 657 3191 ταῦτα.
681 3132 888 3207 μέντοι,
907 3128 1108 3206 ἐούσης
1131 3128 1363 3205 οἷνομίης
1388 3134 1612 3204 πολλῆς
1637 3128 1743 3187 dv&
1766 3133 1961 3189 πᾶσαν

361 3219 468 3295 τήν
507 3217 785 3295 Μηδικὴν,
814 3217 996 3276 ἐποίεε
1036 3216 1402 3293 ἐπιστάμενος
1441 3216 1528 3275 ὅτι
1566 3218 1643 3290 τιξῖ
1672 3213 1859 3290 δικαίῳ
1893 3215 1961 3274 τὰ

363 3306 554 3369 ἄδικον
598 3304 1059 3390 πολέμιόννέστι·
1115 3306 1171 3365 οἱ
1215 3303 1263 3363 δ’
1305 3310 1365 3363 ἐκ
1417 3306 1517 3375 τῆς
1557 3298 1725 3373 αὐτῆς
1777 3298 1961 3377 κώμης

505 3394 533 3436 5
