2267 3517
336 151 555 216 ινα-25]
1030 153 1301 206 eAAmA.
1834 155 1931 206 211

336 230 466 307 ζόης
492 232 584 290 καὶ
609 231 820 308 διαίτης
843 232 989 309 πέρι,
1017 231 1144 290 ἔτεα.
1166 233 1271 309 μὲν
1297 237 1353 296 ἐς
1378 231 1585 293 ἐείκοσι
1616 232 1710 290 καὶ
1742 230 1938 294 ἐκατόν

333 319 466 384 τούς
502 319 754 382 πολλοὺς
799 318 976 380 αὖτῶν
1023 317 1402 389 ἀπικνέεσθαι,
1442 318 1830 395 ὑπερβάλλειν
1868 319 1933 380 δέ

333 433 486 471 τινας
527 407 630 466 καῖ
657 411 852 468 ταῦτα·
913 407 1143 483 σίτησιν
1182 407 1243 466 δὲ
1283 406 1423 466 εἶναι
1462 406 1596 484 κρέα
1636 405 1800 482 έφθσῖ,
1843 408 1937 468 καὶ

333 495 492 572 πόμα
515 495 687 577 γάλα·
730 495 924 571 θῶυμα
955 494 1016 554 δὲ
1049 495 1385 571 ποιευμένων
1419 499 1531 554 τῶν
1566 493 1935 556 κατασκόπων

333 583 462 660 περὶ
493 587 605 643 τῶν
637 581 815 654 ἐτέων,
844 583 936 641 ἐπὶ
971 581 1177 659 κρήνην
1212 588 1325 659 σφι
1355 580 1705 663 ἡγήσασθαι·
1748 581 1843 641 ἀπ’
1867 580 1935 659 ἧς

331 669 632 749 λουόμενοι
666 668 1040 748 λιπαρώτεροι
1066 671 1331 752 ἐγίνοντο,
1371 669 1616 747 κατάπερ
1658 674 1707 730 εἴ
1743 671 1935 732 ἐλαίου

335 759 438 835 εἴη·
491 757 639 830 ὄζειν
679 758 739 818 δὲ
777 755 873 818 απ’
915 756 1084 834 αὐτῆς
1125 756 1261 818 ὦσεὶ
1300 758 1414 817 ἴων.
1497 757 1729 821 ἀσθενὲς
1768 757 1829 817 δε
1866 758 1933 820 τό

332 845 476 924 ὕδωρ
501 851 604 922 τῆς
634 845 836 925 κρήνης
865 845 1070 922 ταύτης
1109 845 1251 906 οὕτω
1288 845 1357 922 δή
1395 871 1453 905 τι
1492 847 1689 926 ἔλεγον
1715 845 1853 905 εἶναι
1878 872 1933 907 οι

335 933 702 1006 κατάσκοποι,
745 959 890 994 ωστε
936 935 1110 1010 μηδὲν
1163 933 1283 994 οἶόν
1330 959 1393 994 τε
1447 931 1585 993 εἶναι
1625 932 1709 993 ἐπ’
1762 932 1933 994 αὐτοῦ

335 1025 632 1093 ἐπιπλέειν,
687 1021 830 1098 μήτε
883 1021 1053 1091 ξύλον
1104 1021 1248 1099 μήτε
1285 1025 1395 1082 τῶν
1436 1019 1549 1081 ὅσα
1595 1020 1766 1090 ξύλου
1807 1023 1931 1081 ἐστὶ

335 1109 706 1188 ἐλαφρότερα,
737 1109 895 1170 αἶλλιὶ
927 1108 1116 1170 πάντα
1158 1111 1314 1185 σφέα
1351 1110 1579 1189 χωρέειν
1606 1114 1660 1172 ἐς
1682 1107 1931 1184 βυσσόν·

335 1198 424 1280 (τὸ
451 1198 510 1257 δὲ
535 1197 676 1275 ὕδωρ
702 1201 872 1259 τοῦτο
899 1198 950 1256 εἶ
973 1197 1090 1273 σφί
1113 1202 1236 1258 ἐστι
1262 1196 1513 1272 ἀληθέως
1544 1195 1662 1256 οἷόν
1688 1221 1745 1256 τι
1774 1197 1929 1276 λέγε-

332 1309 442 1356 ται,
471 1285 562 1345 διοὶ
590 1289 760 1346 τοῦτο
799 1283 867 1346 ἂν
909 1285 1032 1355 εἶεν,
1058 1283 1235 1364 τούτῳ
1272 1283 1345 1344 τσῖ
1384 1283 1567 1344 πάντα
1605 1283 1926 1363 χρεώμενοι,

332 1371 685 1454 μακρόβιον)
727 1371 840 1433 <iva
890 1376 994 1448 τῆς
1035 1373 1238 1450 κρήνης
1282 1373 1343 1431 δὲ
1382 1371 1940 1448 ἀπαλλασσομένων,

333 1459 563 1543 ἀγαγεῖν
604 1460 788 1536 σφέας
826 1465 882 1524 ἐς
921 1459 1300 1537 δεσμωτήριον
1340 1459 1566 1538 ἀνδρῶν,
1621 1460 1751 1520 ἔνθα
1800 1460 1931 1524 τοῦς

331 1546 542 1612 πάντας
585 1553 644 1610 ἐν
686 1549 892 1628 πέδῃσι
937 1549 1217 1628 χρυσέῃσι
1262 1549 1537 1608 δεδέσθαι·
1593 1550 1716 1608 ἔστι
1763 1548 1823 1607 δὲ
1870 1555 1929 1608 ἐν

329 1636 582 1699 τούτοισι
612 1640 766 1698 τοῖσι
791 1637 1021 1714 Αἰθίοψι
1055 1637 1276 1696 πάντων
1302 1635 1335 1696 ὅ
1364 1636 1580 1716 χαλκός
1616 1635 1927 1696 σπανιώτα-

329 1752 428 1786 τον
463 1726 556 1785 καὶ
595 1724 947 1802 τιμιώτατον·
991 1724 1331 1802 θεησάμενοι
1374 1725 1433 1783 δὲ
1474 1726 1567 1783 καὶ
1607 1723 1674 1785 τὰ
1718 1724 1928 1800 δεσμω-

329 1813 535 1891 τήριον,
591 1813 896 1889 ἐθεήσαντο
939 1813 1034 1872 καὶ
1081 1812 1187 1888 τήν
1237 1815 1338 1872 τοῦ
1376 1811 1582 1872 Ἡλίου
1622 1812 1930 1892 λεγομένην

329 1900 627 1978 τράπεζαν.
709 1901 874 1960 Μετὰ
910 1900 971 1960 δὲ
1008 1899 1233 1977 ταύτην,
1274 1899 1593 1962 τελευταίας
1624 1898 1929 1974 ἐθεήσαντο
1946 1901 2025 1959 24

328 1988 431 2051 τοὶς
457 1988 629 2064 θήκας
659 1987 856 2057 αὐτῶν,
885 1987 943 2046 ἀἲ
973 1988 1238 2069 λέγονται
1273 1987 1643 2058 σκευάζεσθαι
1677 1987 1741 2055 ἐξ
1761 1986 1929 2046 ύέλου

330 2075 518 2154 τρόπῳ
551 2076 760 2154 τοιῷδε·
803 2075 972 2135 ἐπεοῖν
1005 2076 1106 2146 τὸν
1141 2073 1337 2152 νεκρόν
1374 2073 1697 2153 ἰσχνήνωσι,
1727 2072 1835 2132 εἴτε
1858 2072 1928 2150 δὴ

333 2159 579 2238 κατάπερ
633 2159 933 2240 Αἰγύπτιοι
985 2162 1094 2221 εἴτε
1153 2161 1343 2226 ἄλλως
1398 2187 1519 2231 κως,
1570 2157 1930 2242 γυψώσαντες

333 2246 550 2309 ἅπαντα
603 2247 774 2308 αὖτόν
816 2253 1016 2330 γραφῇ
1069 2251 1395 2327 κοσμέουσι,
1444 2250 1818 2327 ἐξομοιεῦντες·
1858 2247 1928 2308 τᾶ

333 2337 476 2400 εἶδος
501 2342 556 2399 ἐς
578 2336 644 2398 τό
673 2336 922 2416 δυνατόν·
965 2340 1153 2398 ἔπειτα
1180 2338 1242 2397 δέ
1266 2341 1321 2398 οἱ
1344 2340 1670 2414 περιϊστᾶσι
1707 2335 1929 2412 στήλην

333 2425 398 2495 ἐξ
431 2424 598 2484 ὑέλου
625 2425 1001 2501 πεποιημένην
1033 2425 1248 2500 κοίλην·
1301 2425 1339 2501 ἦ
1376 2426 1438 2484 δέ
1472 2432 1585 2502 σφι
1615 2424 1809 2499 πολλῆ
1836 2425 1930 2482 καὶ

334 2512 554 2594 εὗεργὸς
600 2512 922 2590 ὀρύσσεται·
985 2517 1045 2572 ἐν
1095 2513 1247 2592 μέσῃ
1302 2513 1361 2572 δὲ
1405 2516 1478 2592 τῇ
1530 2511 1719 2591 στήλῃ
1770 2511 1933 2572 ἐνεῶν

333 2599 682 2678 διαφαίνεται
726 2599 760 2661 ὅ
805 2601 977 2670 νέκυς,
1027 2598 1154 2660 οὔτε
1196 2600 1375 2677 ὀδμὴν
1428 2599 1691 2677 οὐδεμίαν
1729 2598 1931 2679 ἄχαριν

333 2688 710 2767 παρεχόμενος
738 2686 866 2748 οὔτε
892 2687 1042 2748 ἄλλο
1075 2686 1253 2750 ἀεικὲς
1283 2687 1455 2758 οὐδὲν,
1484 2689 1576 2746 καὶ
1608 2690 1723 2767 ἔχει
1747 2687 1930 2747 πάντα

335 2777 550 2853 φανερσῖ
588 2775 788 2852 ὁμοίως
827 2775 972 2854 αὐτῷ
1021 2773 1120 2857 [τῷ
1162 2775 1351 2858 νέκυῖ.]
1432 2774 1679 2835 ἐνιαυτόν
1717 2777 1822 2851 μὲν
1861 2772 1931 2849 δὴ

335 2863 530 2942 ἔχουσι
578 2863 685 2940 τήν
737 2863 959 2939 στήλην
1006 2868 1065 2922 ἐν
1109 2866 1264 2923 τοῖσι
1312 2864 1537 2922 οἰκίοισι
1578 2866 1632 2922 οἱ
1676 2863 1932 2939 μάλιστα

333 2951 730 3028 προσήκοντες,
766 2950 986 3011 πάντων
1024 2975 1087 3009 τε
1122 2949 1504 3029 ἀπαρχόμενοι
1532 2951 1623 3009 καὶ
1656 2951 1853 3011 θυσίας
1878 2949 1933 3006 οἱ

333 3039 736 3120 προσάγοντες·
793 3037 936 3114 μετοὶ
976 3037 1038 3096 δὲ
1088 3042 1265 3098 ταῦτα
1306 3039 1697 3116 ἐκκομίσαντες
1737 3039 1943 3095 ἱστᾶσι·

334 3128 463 3205 περὶ
494 3127 598 3204 τήν
623 3126 814 3187 πόλιν.
1208 3187 1213 3194 ,

417 3213 770 3293 Θεησοῖμενοι
809 3213 870 3273 δὲ
907 3213 981 3274 τοὶ
1018 3213 1202 3275 πάντα
1242 3217 1297 3288 οἳ
1342 3213 1707 3280 κατάσκοποι,
1755 3209 1932 3268 α’,πσλ-
1949 3209 2028 3269 25

335 3302 630 3366 λάσσοντο
666 3299 868 3364 ὀπίσω·
909 3299 1373 3381 ἀπαγγειλάντων
1405 3301 1467 3360 δὲ
1499 3302 1675 3359 ταῦτα
1707 3296 1933 3366 τούτων,
