2267 3517
346 106 441 159 124
954 102 1316 153 ΉΡοΔοΤοτ
1841 102 1947 168 [11.

344 183 587 261 ἑσπέρης
618 181 790 243 αὐτόν
821 188 965 259 πρὸς
996 180 1166 257 ἥλιον
1194 179 1599 243 ἀνατέλλοντα·
1641 182 1949 258 φαίνεσθαι

254 272 328 334 33
346 270 405 331 δὲ
441 274 499 331 ἐν
532 268 679 349 αὐτῷ
705 269 1108 347 κροκοδείλους.
1174 268 1246 328 Ὁ
1271 270 1376 346 μὲν
1407 268 1476 343 δὴ
1503 271 1604 329 τοῦ
1628 267 1948 346 Ἀμμωνίου

344 354 652 439 Ἐτεάρχου
681 357 855 439 λόγος
885 361 941 420 ἐς
975 354 1144 417 τοῦτό
1169 381 1268 434 μοι
1298 355 1652 432 δεδηλώσθω,
1679 358 1836 432 πλὴν
1861 356 1948 419 ὅτι

348 446 748 523 α’πονοστῆσαί
787 470 851 505 τε
899 444 1115 521 ἔφασκε
1153 442 1286 507 τούς
1333 447 1710 521 Νασαμῶνας,
1757 444 1854 525 [ὥς
1895 446 1949 505 οἶ

348 540 660 614 Κυρηναῖοι
700 532 922 615 ἔλεγον]
958 532 1051 593 καὶ
1092 536 1148 597 ἐς
1185 532 1314 597 τούς
1355 529 1510 593 οὗτοι
1552 532 1816 593 ἀπίκοντο
1858 531 1950 593 οἶν·-

348 624 599 702 θρώπους
633 621 843 704 γόητας
879 621 1019 682 εἶναι
1052 618 1286 685 πάντας.
1369 620 1470 680 τόν
1500 619 1561 679 δὲ
1593 620 1660 697 δή
1692 620 1952 697 ποταμόν

346 714 545 771 τοῦτον
571 710 671 770 τὸν
696 708 1083 788 παραρρέοντα
1109 710 1202 768 καὶ
1225 708 1528 788 Ἐτέαρχος
1559 707 1950 785 συνεβάλλετο

351 798 490 859 εἶναι
523 796 623 858 τόν
660 800 889 868 Νεῖλον,
925 796 1018 856 καὶ
1052 796 1119 873 δὴ
1155 796 1248 855 καὶ
1287 795 1320 857 ὁ
1361 796 1534 877 λόγος
1560 795 1717 857 ὀὕτω
1757 797 1948 873 αἱρέει·

349 886 463 964 ῥέει
503 884 612 967 γὰρ
649 889 719 946 -ἐκ
758 886 979 962 Λιβύης
1021 883 1053 946 ὅ
1100 889 1329 955 Νεῖλος,
1371 885 1464 944 καὶ
1508 885 1694 961 μέσην
1731 884 1953 961 τάμνων

348 974 573 1052 Λιβύην
610 974 703 1033 καὶ
736 972 832 1055 (ὥς
867 973 975 1055 ἐγώ
1012 972 1450 1050 συμβάλλομαι,
1480 976 1635 1034 τοῖσι
1672 972 1953 1050 ἐμφανέσι

348 1063 421 1123 τοὶ
445 1062 529 1141 μή
548 1061 934 1143 γινωσκόμενα
958 1060 1512 1141 τεκμαιρόμενος)τῷ
1527 1060 1736 1141 Ἴστρῳ
1756 1066 1816 1120 ἐκ
1841 1063 1954 1121 τῶν

350 1152 489 1211 ἴσων
512 1151 727 1229 μέτρων
747 1148 1001 1228 ὁρμᾶται.
1052 1148 1283 1227 Ἴστρος
1300 1173 1363 1209 τε
1381 1148 1491 1229 γὰρ
1513 1148 1767 1226 ποταμός
1787 1147 1953 1225 ἀρξά-

349 1264 515 1317 μενος
555 1243 617 1298 ἐκ
658 1241 892 1299 Κελτῶν
932 1237 1026 1297 καὶ
1066 1235 1330 1313 Πυρήνης
1368 1236 1586 1320 πόλιος,
1617 1235 1732 1314 ῥέει
1769 1237 1954 1313 μέσην

350 1327 561 1406 σχίζων
590 1325 694 1401 τὴν
720 1324 1014 1402 Εὐρώπην·
1052 1325 1131 1405 (οἳ
1168 1323 1228 1384 δὲ
1257 1323 1476 1384 Κελτοί
1504 1327 1617 1383 εἰσι
1654 1324 1754 1393 ἔξω
1779 1324 1952 1402 Ἡρα·

352 1414 559 1489 κληΐων
578 1412 849 1488 στηλέων,
858 1412 1196 1490 ὁμουρέουσι
1216 1412 1273 1472 δὲ
1281 1412 1642 1489 Κυνησίοισι,
1651 1412 1706 1471 οἳ
1721 1412 1954 1491 ἔσχατοι

354 1500 494 1578 πρὸς
526 1500 781 1578 δυσμέων
813 1501 1060 1560 οἰκέουσι
1093 1502 1204 1559 τῶν
1237 1503 1296 1560 ἐν
1330 1503 1402 1578 τῇ
1432 1498 1676 1579 Εὐρώπῃ
1702 1525 1954 1576 κατοικη-

351 1587 573 1665 μένων·)
614 1591 849 1667 τελευτᾷ
876 1588 935 1648 δὲ
962 1587 993 1648 ὁ
1018 1585 1247 1665 Ἴστρος
1274 1591 1328 1651 ἐς
1361 1586 1666 1649 θάλασσαν
1691 1590 1828 1665 ῥέων
1850 1587 1956 1664 τὴν

352 1680 453 1736 τοῦ
472 1675 735 1745 Εὐξείνου
755 1675 963 1737 πόντου
982 1675 1073 1735 διὰ
1093 1674 1282 1750 πάσης
1305 1674 1594 1753 Εὐρώπης,
1615 1680 1687 1755 τῇ
1705 1674 1954 1754 Ἰστρίην

260 1765 337 1827 34
356 1767 411 1824 οἶ
444 1765 747 1841 Μιλησίων
780 1764 1027 1824 οἰκέουσι
1058 1762 1300 1823 ἄποικοι.
1367 1762 1437 1823 ‘O
1471 1766 1575 1840 μὲν
1607 1763 1675 1840 δὴ
1707 1764 1951 1841 Ἴστρος,

353 1853 468 1931 ῥέει
511 1852 621 1934 γὰρ
664 1850 731 1911 δι’
775 1852 1106 1929 οἷκευμένης,
1147 1850 1290 1929 πρὸς
1327 1855 1564 1913 πολλῶν
1602 1849 1953 1933 γινώσκεται·

356 1941 484 2019 περὶ
518 1940 578 2001 δὲ
612 1944 723 2001 τῶν
752 1944 854 2002 τοῦ
882 1940 1101 2000 Νείλου
1137 1939 1361 2020 πηγέων
1391 1938 1566 2003 οὐδεὶς
1602 1940 1717 2019 ἔχει
1745 1940 1951 2019 λέγειν·

352 2028 610 2107 αόίκητός
634 2054 697 2089 τε
720 2027 831 2110 γάρ
859 2033 983 2089 ἐστι
1008 2028 1101 2088 καὶ
1127 2032 1332 2106 ἐρῆμος
1351 2026 1388 2103 ἦ
1407 2026 1616 2105 Λιβύη,
1638 2026 1707 2087 δι’
1725 2024 1796 2103 ἦς
1819 2027 1950 2104 ῥέει.

352 2118 481 2195 περὶ
527 2118 587 2178 δὲ
625 2120 726 2179 τοῦ
767 2116 1041 2195 ῥεύματος
1084 2116 1254 2177 αὐτοῦ
1295 2114 1380 2175 ἐπ’
1423 2113 1565 2175 ὅσον
1601 2114 1954 2192 μακρότατον

356 2209 683 2282 ἱστορεῦντα
720 2205 792 2281 ἦν
824 2205 1107 2275 ἐξικέσθαι
1149 2205 1379 2281 εἴρηται·
1421 2202 1629 2263 ἐκδιδοῖ
1665 2202 1725 2262 δὲ
1764 2207 1823 2267 ἐς
1856 2203 1951 2261 Αἴ-

353 2318 585 2373 γυπτον·
611 2292 649 2368 ἦ
671 2293 731 2352 δὲ
755 2292 1037 2372 Αἴγυπτος
1056 2296 1159 2367 τῆς
1176 2290 1391 2369 ὀρεινῆς
1411 2291 1673 2367 Κιλικίης
1691 2289 1952 2367 μάλιστά
2027 2288 2032 2293 ’

356 2404 426 2455 κη
452 2378 610 2456 οἶντίη
638 2379 837 2438 κέεται·
882 2378 1158 2459 [ἐνθεῦτεν
1183 2378 1260 2447 δὲ,
1289 2384 1344 2441 ἐς
1379 2377 1634 2455 Σινώπην
1657 2377 1763 2453 τήν
1790 2382 1848 2438 ἐν
1874 2382 1954 2458 τῷ

354 2466 593 2546 Εὐξείνῳ
638 2464 823 2545 πόντῳ
865 2466 1030 2525 πέντε
1074 2464 1324 2543 ἡμερέων
1373 2466 1516 2525 ἰθεῖα
1567 2464 1695 2529 ὁδός
1743 2464 1953 2546 εὐζώνῳ

354 2553 555 2635 οἷνδρί·]
579 2553 618 2631 ἦ
640 2554 699 2613 δὲ
720 2552 944 2629 Σινώπη
964 2556 1041 2631 τῷ
1055 2551 1264 2631 Ἴστρῳ
1285 2551 1552 2613 ἐκδιδόντι
1573 2557 1629 2615 ἐς
1649 2552 1954 2614 θάλασσαν

354 2641 543 2721 ἀντίον
582 2642 784 2703 κέεται.
853 2639 995 2701 οὕτω
1032 2639 1133 2701 τόν
1173 2643 1386 2700 Νεῖλον
1427 2640 1596 2700 δοκέω
1635 2640 1726 2701 διὰ
1765 2641 1956 2719 πάσης

354 2733 457 2805 τῆς
474 2729 695 2806 Λιβύης
721 2728 993 2799 διεξιόντα
1019 2728 1350 2799 ἐξισοῦσθαι
1367 2731 1446 2807 τῷ
1459 2726 1687 2809 Ἴστρῳ.
1739 2730 1956 2790 Νείλου

354 2817 461 2895 μέν
486 2842 583 2877 νυν
606 2818 736 2895 πέρι
760 2820 1012 2877 τοσαῦτα
1039 2814 1302 2894 εἰρήσθω.

264 2908 341 2966 35
426 2903 711 2985 Ἔρχομαι
748 2904 807 2965 δὲ
838 2904 965 2982 περὶ
996 2902 1285 2985 Αἰγύπτου
1316 2904 1600 2981 μηκυνέων
1631 2904 1732 2965 rav
1761 2903 1956 2987 λόγον,

327 3024 331 3029 ·
358 2992 447 3055 ὅτι
480 2996 728 3053 πλεῖστα
759 2991 1053 3068 θωυμάσια
1088 2993 1204 3071 ἔχει
1228 2989 1267 3068 ἦ
1294 2990 1448 3068 ἄλλη
1471 2995 1636 3051 πᾶσα
1663 2991 1834 3070 χώρη,
1865 2992 1960 3052 καὶ

358 3084 495 3163 ἔργα
539 3080 717 3161 λόγου
769 3079 916 3157 μέζω
969 3079 1274 3158 παρέχεται
1318 3079 1460 3157 πρός
1506 3083 1700 3138 πᾶσαν
1750 3077 1958 3156 χώρην·

356 3169 566 3231 τούτων
594 3169 774 3229 εἵνεκα
798 3167 954 3226 πλέω
974 3167 1101 3243 περὶ
1122 3166 1293 3243 αὐτῆς
1321 3166 1621 3243 εἰρήσεται.
1663 3166 1962 3245 Αἰγύπτιοι

359 3256 478 3331 ἅμα
515 3261 593 3336 τῷ
634 3254 844 3335 οὐρανῷ
881 3258 960 3333 τῷ
998 3252 1142 3315 κατοὶ
1182 3254 1367 3330 σφέας
1407 3253 1553 3314 ἐόντι
1593 3253 1828 3327 ἑτεροίῳ,
1869 3253 1963 3311 καὶ
