2267 3517
324 96 423 143 196
930 93 1301 144 '‘HPOAOTO‘r
1818 89 1921 155 [11.

323 173 740 251 καταχθόμενον
763 177 841 252 τῷ
867 173 1025 254 ἔργῳ·
1076 171 1177 233 τόν
1212 172 1273 231 δὲ
1302 170 1557 283 Ἀμασιν
1594 170 1927 249 ἐνθυμιστόν

323 259 706 336 ποιησάμενον
733 259 832 319 οὔκ
859 263 956 318 ἐᾶν
983 261 1062 320 ἔτι
1087 261 1424 337 προσωτέρω
1452 259 1706 318 ἑλκύσαι·
1740 257 1847 336 ἤδη
1866 258 1931 318 δέ

321 371 464 410 τινες
489 347 742 454 λέγουσι,
772 346 843 410 ὥς
869 346 1157 424 ανθρωπος
1193 345 1471 422 διεφθάρη
1504 345 1597 406 ὕπ’
1625 345 1796 422 αὐτῆς
1818 350 1928 407 τῶν

321 459 407 496 τις
447 432 620 509 αύτήν
658 433 1064 512 μοχλευόντων,
1092 433 1185 492 καὶ
1226 433 1341 492 ‹in-6
1382 433 1582 493 τούτου
1624 432 1724 493 οὐκ
1766 436 1926 494 ἐσελ-

149 589 155 595 ,
229 521 345 583 176
367 522 658 597 κυσθῆναι.
729 519 994 597 Ἀνέθηκε
1020 521 1080 580 δὲ
1108 517 1201 579 καὶ
1228 525 1287 580 ἐν
1310 525 1465 581 τοῖσι
1491 519 1726 580 ἄλλοισι
1754 524 1927 599 ἱροῖσι

322 608 355 669 ὁ
371 608 622 686 ’Άμασις
655 612 802 668 πᾶσι
835 613 990 669 τοῖσι
1025 608 1389 688 ἐλλογίμοισι
1419 609 1557 689 ἔργα
1586 607 1653 682 τὰ
1680 609 1928 688 μέγαθος

323 695 636 772 ἀξιοθέητα,
667 700 725 757 ἐν
761 696 822 755 δὲ
858 697 950 755 καὶ
981 701 1042 756 ἐν
1077 696 1285 774 Μέμφι
1308 694 1421 775 ‘ray‘
1445 695 1643 756 ὕπτιον
1678 697 1927 773 κείμενον

325 784 632 854 κολοσσὸν,
685 788 785 845 τοῦ
826 783 1203 859 Ἡφαιστείου
1243 784 1549 861 ἔμπροσθε·
1616 787 1715 843 τοῦ
1762 783 1927 847 πόδες

321 871 487 933 πέντε
527 873 620 932 καὶ
663 870 1050 948 ἑβδομήκοντά
1091 874 1203 930 εἰσι
1241 871 1309 930 τὸ
1348 875 1547 947 μῆκος·
1616 871 1709 931 ἐπὶ
1750 869 1811 930 δὲ
1849 874 1927 950 τῷ

287 981 292 986 ·
325 957 472 1038 αύτῷ
509 959 709 1039 βάθρῳ
750 962 970 1028 ἑστᾶσι,
1011 959 1343 1035 Αἰθιοπικοῦ
1384 958 1565 1022 ἐόντες
1604 959 1785 1029 λίθου,
1828 957 1927 1018 δύο

323 1047 620 1117 κολοσσοὶ,
657 1046 866 1106 ἐείκοσι
896 1045 1083 1108 ποδῶν,
1119 1044 1187 1105 vd
1226 1045 1473 1127 μέγαθος
1513 1044 1614 1104 ἐῶν
1655 1045 1923 1122 ἑκάτερος,

323 1133 357 1192 ὅ
381 1137 486 1210 μὲν
512 1134 666 1194 ἔνθεν
693 1133 724 1193 6
753 1133 800 1193 δ’
828 1133 980 1193 ἔνθεν
1004 1136 1106 1192 τοῦ
1130 1131 1404 1212 μεγάλου.
1480 1133 1603 1192 ἔστι
1629 1132 1690 1191 δὲ
1714 1133 1926 1197 λίθινος

324 1221 512 1298 ἔτερος
529 1218 802 1284 τοσοῦτὸς
829 1220 920 1279 καὶ
946 1225 1006 1280 ἐν
1031 1217 1155 1288 Σάῖ,
1194 1219 1440 1296 κείμενος
1466 1218 1608 1279 κατοὶ
1632 1219 1733 1280 τᾶν
1758 1219 1927 1281 aiv-cdv

322 1308 534 1384 τρόπον
555 1311 634 1387 τῷ
660 1312 718 1367 ἐν
744 1309 970 1384 Μέμφι.
1049 1309 1123 1384 τῇ
1140 1305 1261 1364 Ἴσι
1284 1331 1347 1366 τε
1380 1333 1448 1366 το
1483 1310 1540 1365 ἐν
1566 1306 1824 1384 Μέμφιε
1806 1307 1925 1386 ιρόν

312 1393 564 1471 Ἀμασίς
616 1399 740 1454 ἐστι
784 1393 832 1454 ὅ
865 1393 1319 1470 ἐξοικοδομήσας,
1375 1393 1469 1455 ἐὰν
1516 1394 1666 1474 μέγα
1716 1419 1779 1455 τε
1832 1397 1927 1455 καὶ

323 1479 802 1557 ἀξιοθεητότατον.

231 1568 344 1630 177
402 1567 527 1627 ’'Evr
546 1567 824 1644 Ἀμάσιος
844 1567 903 1628 δὲ
917 1568 1195 1645 βασιλέος
1214 1568 1441 1650 λέγεται
1457 1528 1740 1650 Αἴγυπτος
1758 1569 1923 1649 μάλι-

325 1681 439 1716 στα
465 1655 536 1731 δη
563 1655 690 1716 τότε
723 1655 1139 1734 εὖδαιμονῆσαι,
1167 1657 1260 1715 καὶ
1284 1656 1357 1716 τοὶ
1387 1656 1501 1717 α’,πο
1531 1662 1633 1717 τοῦ
1668 1662 1925 1734 ποταμοῦ

323 1748 396 1822 τῇ
422 1743 576 1824 χώρῃ
595 1743 860 1824 γινόμενα
881 1744 972 1802 καὶ
991 1743 1064 1803 τοὶ
1084 1743 1197 1803 οἷπό
1218 1747 1319 1820 τῆς
1342 1743 1526 1824 χώρης
1544 1749 1698 1805 τοῖσι
1718 1738 1923 1822 (ἵνθρῶ-

325 1856 506 1892 ποισι·
549 1832 642 1891 καὶ
670 1831 838 1895 πόλις
868 1837 927 1892 ἐν
953 1831 1098 1912 αύτῇ
1123 1833 1389 1913 γενέσθαι
1412 1833 1513 1896 τὰς
1538 1832 1766 1897 ἁπάσας
1796 1832 1924 1893 τότε

327 1919 620 1998 δισμυρίας
669 1919 770 1984 ταῖς
813 1919 1147 1998 οἰκεομένας.
1228 1919 1403 1998 νόμον
1449 1921 1511 1980 δὲ
1561 1921 1925 2002 Αἰγυπτίοισι

321 2007 482 2069 τόνδε
521 2009 772 2086 Ἀμασίς
825 2013 949 2069 ἐστι
1001 2007 1035 2068 ὁ
1088 2007 1471 2084 καταστήσας·
1540 2007 1925 2069 α’ποδεικνύναι

325 2096 473 2160 ἔτεος
519 2096 757 2158 ἑκάστου
795 2101 876 2176 τῷ
912 2096 1171 2176 νομάρχῃ
1218 2096 1403 2158 πάντα
1440 2096 1567 2176 Ὺτινοῖ
1608 2099 1925 2178 Αἰγυπτίων

325 2182 454 2244 ὅθεν
489 2185 734 2260 βιοῦται·
787 2183 869 2260 μή
908 2183 968 2244 δὲ
1004 2190 1267 2244 ποιεῦντα
1296 2188 1487 2255 ταῦτα,
1512 2183 1654 2262 μηδὲ
1681 2183 1924 2261 ἀποφαί-

325 2296 492 2330 νοντα
517 2271 730 2347 δικαίην
756 2270 907 2346 ζόην,
937 2270 1225 2332 ἰθύνεσθαι
1261 2270 1500 2350 θανάτῳ.
1583 2271 1783 2336 Σόλων.
1806 2273 1866 2332 δὲ
1890 2272 1924 2334 ὅ

324 2355 620 2432 Ἀθηναῖος
670 2357 871 2432 λαβών
922 2357 988 2426 ἐξ
1025 2356 1311 2439 Αἰγύπτου
1350 2362 1550 2419 τοῦτον
1600 2358 1702 2420 τᾶν
1751 2359 1926 2435 νόμον

310 2440 662 2518 Ἀθηναίοισι
687 2444 861 2504 ἔθετο·
899 2448 978 2522 τῷ
1005 2449 1203 2504 ἐκεῖνοι
1237 2449 1292 2508 ἐς
1323 2445 1430 2504 αἰεὶ
1463 2446 1750 2524 χρέωνται,
1781 2447 1921 2508 ἐόντι

233 2528 402 2592 178’
367 2527 576 2608 αμῶμω
601 2529 772 2608 νόμω.
852 2531 1145 2607 Φιλέλλην
1176 2530 1237 2590 δε
1271 2530 1565 2613 γενόμενος
1597 2533 1629 2593 ὁ
1656 2532 1922 2611 ''Aptae-w,

326 2616 481 2676 ἄλλα
503 2643 567 2676 τε
594 2623 648 2681 ἐς
670 2616 960 2692 Ἑλλήνων
983 2618 1369 2696 μετεξετέρους
1404 2618 1708 2690 ἀπεδέξατο
1737 2622 1829 2681 καὶ
1856 2621 1925 2698 δή

328 2704 421 2763 καὶ
453 2707 608 2764 τοῖσι
648 2704 1097 2782 ἀπικνευμένοισι
1141 2711 1197 2769 ἐς
1238 2707 1524 2786 Αἴγυπτον
1551 2708 1729 2787 ,ἔδωκε
1770 2707 1925 2768 Ναύ-

327 2816 518 2868 κρατιν
556 2790 728 2853 πόλιν
766 2796 1071 2868 ἐνοικῆσαι·
1111 2796 1266 2853 τοῖσι
1303 2794 1364 2852 δὲ
1401 2794 1483 2871 μὴ
1517 2795 1925 2873 βουλομένοισι

327 2876 508 2939 ada-«Bu
571 2880 784 2950 οἰκέειν,
839 2877 1010 2940 αύτοῦ
1077 2880 1139 2940 δὲ
1203 2884 1709 2959 ναυτιλλομένοισι,
1764 2884 1927 2944 ἔδωκε

325 2965 539 3046 χώρους
591 2966 989 3046 ἐνιδρύσασθαι
1026 2969 1257 3046 βωμοῦς
1310 2970 1401 3028 καὶ
1452 2972 1682 3047 τεμένεα
1722 2972 1924 3031 θεοῖσι.

327 3054 393 3115 τό
439 3057 545 3132 μέν
587 3081 683 3117 νυν
723 3055 995 3136 μέγιστον
1041 3054 1224 3116 αὐτῶν
1262 3056 1504 3133 τέμενος,
1553 3059 1646 3116 καὶ
1692 3056 1925 3134 οὔνομα-

325 3142 602 3205 στότατον
655 3142 748 3204 ἐᾶν
815 3142 908 3200 καὶ
971 3143 1420 3221 χρησιμώτατον,
1476 3143 1814 3220 καλεύμενον
1866 3145 1927 3203 δὲ

324 3225 643 3306 Ἑλλήνιον,
696 3229 816 3290 αἵδε
877 3227 1048 3293 πόλις
1110 3230 1223 3290 εἰσὶ
1284 3233 1344 3291 αἰ
1408 3229 1687 3307 ἱδρυμέναι
1748 3234 1924 3308 κοινῇ·
