2267 3517
294 125 391 172 324
906 123 1272 173 ἯΡοΔοτοτ
1765 121 1894 188 [IV.

290 203 505 262 πλοίων
535 203 593 261 αἶ
632 199 951 278 Ἀμαζόνες,
982 200 1316 279 ὁδοιπόρεον
1347 206 1403 264 ἐς
1426 201 1532 278 τὴν
1557 203 1901 279 οἰκεομένην·

292 294 625 368 ἐντυχοῦσαι
652 288 711 347 δὲ
736 287 934 367 πρώτῳ
962 289 1348 368 ἱπποφορβίῳ,
1365 294 1534 349 τοῦτο
1563 289 1900 366 διήρπασαν,

294 380 387 437 καὶ
420 377 512 436 ἐπὶ
550 375 757 436 τούτων
787 375 1169 452 ἱππαζόμεναι,
1200 378 1487 452 ἐληΐζοντο
1512 377 1583 437 τοὶ
1624 382 1735 437 τῶν
1763 379 1903 442 Σκυ-

201 468 311 525 111
338 466 655 525 θέων.οῖ
697 463 755 522 δέ
798 463 1009 527 Σκύθαι
1052 463 1168 575 ofin„
1197 465 1350 544 εἶχον
1389 466 1802 542 συμβαλεσθαι
1830 493 1900 527 το

292 556 552 634 πρῆγμα·
582 550 707 611 οὔτε
733 577 843 632 γαρ
873 550 1083 627 φωνην,
1102 550 1230 612 οὔτε
1257 554 1488 629 ἐσθῆτα,
1507 579 1634 612 ουτε
1659 578 1727 614 το
1710 552 1902 618 ἔθνος

294 639 613 720 ἐγίνωσκον,
662 636 792 697 ἀλλ’
835 643 893 697 ἐν
948 637 1164 715 θώματι
1215 638 1365 715 ἦσαν
1417 638 1616 700 οκόθεν
1664 641 1900 701 ἔλθοιεν·

293 727 514 788 ἐδόκεον
558 725 605 786 δ’
654 725 824 790 αὐτας
869 726 1008 786 εἶναι
1056 725 1257 805 ανδρας
1302 728 1406 802 τήν
1451 753 1626 803 αυτην
1675 727 1902 804 ἦλικίην

293 816 539 894 ἔχοντας,
564 813 756 894 μάχην
794 840 857 875 τε
898 814 967 890 δη
1008 840 1150 892 προς
1189 815 1358 879 αὐτᾶς
1398 819 1702 876 ἐποιεῦντο·
1745 821 1806 875 ἐκ
1840 817 1901 876 δὲ

294 909 399 979 τῆς
438 903 627 983 μάχης
668 908 778 964 τῶν
825 907 1029 981 νεκρῶν
1070 903 1386 980 ἐκράτησαν
1429 906 1484 964 οἶ
1533 902 1760 973 Σκύθαι,
1805 905 1900 964 καὶ

296 991 439 1052 οὕτω
474 993 722 1073 ἔγνωσαν
754 990 955 1053 ἐούσας
990 994 1272 1071 γυναῖκας·
1313 992 1866 1068 βουλευομένοισι’
1825 1019 1899 1054 ων

294 1078 515 1140 αὐτοῖσι
557 1079 708 1148 ἔδοξε
750 1078 977 1138 κτείνειν
1016 1080 1119 1154 μὲν
1160 1078 1339 1139 οὐδενὶ
1377 1077 1565 1158 τρόπῳ
1598 1080 1678 1138 ἔτι
1711 1079 1896 1152 αὐτοῖς,

298 1170 507 1228 ἐωυτῶν
559 1167 619 1226 δὲ
669 1165 803 1228 τούς
854 1164 1157 1230 νεωτάτους
1209 1165 1548 1245 ἀποπέμψαι
1601 1171 1656 1230 ἐς
1709 1166 1896 1237 αὗτοῗς,

293 1255 512 1330 πλῆθος
541 1254 870 1317 εἰκάσαντας
896 1252 1138 1331 ὅσαιπερ
1165 1259 1365 1314 ἐκεῖναι
1390 1253 1556 1330 ἦσαν,
1583 1254 1812 1318 τούτους
1839 1256 1898 1316 δὲ

294 1340 850 1419 στρατοπεδεύεσθαι
863 1341 1113 1417 πλησίον
1141 1342 1398 1412 ἐκεινέων,
1427 1343 1520 1402 καὶ
1559 1343 1766 1403 ποιέειν
1803 1343 1898 1404 τά·

292 1455 399 1506 περ
442 1427 512 1488 ἂν
554 1430 646 1487 καὶ
687 1432 888 1489 ἐκεῖναι
912 1431 1166 1489 ποιέωσι·
1207 1427 1276 1506 ἢν
1317 1429 1376 1490 δὲ
1407 1429 1605 1493 αύτοῦς
1640 1430 1892 1504 διώκωσι,

293 1516 583 1594 μάχεσθαι
610 1519 714 1592 μὲν
739 1516 839 1592 μὴ,
866 1515 1207 1597 ὑποφεύγειν
1232 1518 1310 1576 δέ·
1353 1516 1520 1577 ἐπεάν
1548 1518 1606 1576 δὲ
1643 1518 1896 1579 παύσων-

293 1629 402 1672 ται,
460 1601 729 1666 ἐλθόντας
782 1602 981 1667 αὖτοῦς
1030 1605 1283 1680 πλησίον
1329 1604 1894 1682 στρατοπεδεύεσθαι.

294 1695 471 1751 ταῦτα
492 1690 910 1768 ἐβουλεύσαντο
928 1694 984 1750 οἶ
1006 1691 1232 1762 Σκύθαι,
1248 1692 1592 1770 βουλόμενοι
1612 1694 1676 1763 ἐξ
1692 1692 1899 1756 αὐτέων

202 1785 229 1839 1
246 1783 318 1839 12
337 1779 538 1844 παῖδας
564 1779 983 1861 ἐγγενήσεσθαι.
1066 1779 1562 1858 Ἀποπεμφθέντες
1594 1782 1653 1840 δὲ
1689 1784 1744 1841 οἱ
1779 1808 1898 1858 νεη-

295 1868 496 1938 νίσκοι,
524 1868 743 1928 ἐποίευν
782 1868 854 1928 τοὶ
891 1870 1280 1945 ἐντεταλμένα·
1324 1870 1443 1929 ἐπεὶ
1479 1869 1539 1928 δὲ
1571 1869 1778 1945 ἔμαθον
1804 1870 1897 1930 αὖ·

292 1956 426 2020 τούς
452 1959 511 2016 αἱ
549 1956 850 2034 Ἀμαζόνες
888 1955 971 2016 ἐπ’
1005 1956 1232 2036 οὐδεμιῇ
1266 1956 1504 2033 δηλήσει
1541 1955 1895 2038 ἀπιγμένους,

298 2047 398 2106 ἔων
431 2047 664 2125 χαίρειν·
706 2048 1098 2125 προσεχώρεον
1138 2046 1196 2105 δὲ
1220 2045 1603 2121 πλησιαιτέρω
1628 2044 1695 2104 τό
1727 2071 1896 2122 στρα-

294 2133 531 2194 τόπεδον
561 2138 639 2212 τῷ
674 2133 1091 2213 στρατοπεδω’
1066 2133 1150 2192 ἐπ’
1175 2132 1355 2210 ἡμέρῃ
1383 2131 1613 2210 ἑκάστῃ·
1657 2132 1811 2211 εἶχον
1837 2133 1898 2192 δὲ

298 2221 454 2282 οὐδὲν
481 2219 593 2280 ουδ’
622 2225 675 2280 οἶ
701 2223 998 2297 νεηνίσκοι,
1028 2247 1219 2298 ωσπερ
1247 2219 1463 2280 ουδέαι
1443 2223 1460 2243 ‘
1501 2219 1821 2297 Ἀμαζόνες,
1851 2224 1899 2280 εἰ

296 2309 377 2385 μὴ
408 2309 479 2368 τοὶ
506 2309 659 2368 ὅπλα
687 2309 778 2367 καὶ
802 2308 933 2372 τούς
961 2310 1181 2372 ἵππους·
1223 2307 1380 2368 ἄλλα
1417 2306 1552 2383 ζόην
1593 2309 1759 2379 ἔζωον
1793 2332 1899 2383 την

205 2398 232 2452 1
246 2399 317 2456 13
340 2395 513 2471 αὐτὴν
533 2397 787 2474 ἐκείνῃσι,
807 2395 1129 2473 θηρεύοντές
1147 2422 1209 2456 τε
1225 2397 1317 2455 καὶ
1335 2395 1674 2473 ληϊζόμενοι.
1709 2394 1896 2454 Ἐποί-

297 2509 389 2542 ευν
436 2483 495 2542 δὲ
541 2485 600 2541 αἱ
648 2481 951 2560 Ἀμαζόνες
991 2487 1049 2547 ἐς
1098 2483 1204 2559 τὴν
1253 2483 1622 2560 μεσαμβρίην
1663 2482 1895 2542 τοιόνδε·

297 2571 543 2651 ἐγίνοντο
584 2570 861 2647 σποράδες
892 2570 1033 2630 κατὰ
1065 2572 1203 2647 μίαν
1240 2596 1303 2629 τε
1329 2572 1422 2629 καὶ
1447 2568 1562 2640 δύο,
1591 2569 1786 2645 πρόσω
1828 2569 1898 2646 δή

297 2657 393 2716 ἀπ’
414 2657 725 2733 ἀλληλέων,
749 2662 803 2720 ἐς
824 2655 1087 2734 εὖμαρίην
1106 2657 1600 2735 ἀποσκιδνάμεναι·
1627 2656 1900 2734 μαθόντες

297 2744 357 2803 δὲ
385 2745 477 2803 καὶ
504 2743 811 2815 οἶΣκύθαι,
839 2745 1057 2804 ἐποίευν
1080 2744 1258 2805 τώυτὸ
1289 2748 1477 2806 τοῦτο·
1520 2745 1619 2804 καί
1648 2770 1732 2807 τις
1761 2770 1898 2821 μου·

297 2833 602 2893 νωθεισέων
626 2832 735 2892 τινὶ
761 2831 965 2892 αύτέων
990 2833 1401 2910 ἐνεχρίμπτετο,
1431 2833 1524 2892 καὶ
1563 2833 1602 2908 ἤ
1639 2830 1898 2909 Ἀμαζιδν

298 2919 399 2979 οὐκ
416 2918 713 2989 ἀπωθέετο,
731 2918 885 2977 ἀλλὰ
897 2919 1137 2993 περιεῖδε
1151 2919 1502 2998 χρήσασθαι·
1525 2922 1618 2978 καὶ
1635 2923 1898 2996 φωνῆσαι

298 3010 404 3083 μὲν
434 3005 533 3066 οὐκ
561 3007 693 3084 εἶχε,
724 3005 789 3064 οὗ
813 3004 925 3086 γὰρ
954 3007 1223 3066 συνίεσαν
1249 3005 1533 3081 ἀλλήλων,
1560 3011 1633 3084 τῇ
1659 3007 1720 3066 δὲ
1751 3007 1899 3084 χειρὶ

300 3094 506 3169 ἔφραζε
532 3099 586 3157 ἐς
607 3093 711 3168 τήν
735 3091 1033 3169 ὑστεραίην
1060 3093 1243 3152 ἐλθεῖν
1271 3099 1326 3156 ἐς
1348 3092 1524 3152 τῶυτό
1555 3094 1777 3172 χωρίον,
1805 3095 1898 3152 καὶ

300 3179 487 3255 ἔτερον
526 3179 701 3260 ἄγειν·
750 3179 1108 3255 σημαίνουσα
1150 3177 1248 3238 δύο
1289 3181 1569 3260 γενέσθαι,
1620 3182 1712 3239 καὶ
1755 3180 1897 3256 αὐτή

302 3265 492 3339 ἑτέρην
542 3266 711 3336 ἄξειν·
770 3265 805 3324 ὅ
852 3265 913 3323 δὲ
958 3266 1244 3339 νεηνίσκος
1290 3266 1410 3324 ἐπεὶ
1459 3264 1698 3339 ἀπῆλθε,
1741 3267 1898 3335 ἔλεξε
