<?xml version="1.0" encoding="UTF-8"?>
<!DOCTYPE html PUBLIC "-//W3C//DTD XHTML 1.0 Transitional//EN"
    "http://www.w3.org/TR/xhtml1/DTD/xhtml1-transitional.dtd">
<html xmlns="http://www.w3.org/1999/xhtml" xml:lang="en" lang="en">
 <head>
  <title>
</title>
<meta http-equiv="Content-Type" content="text/html;charset=utf-8" />
  <meta name='ocr-system' content='tesseract 3.04.00' />
  <meta name='ocr-capabilities' content='ocr_page ocr_carea ocr_par ocr_line ocrx_word'/>
</head>
<body>
  <div class='ocr_page' id='page_1' title='image "./herodotus05blakgoog_0308.png"; bbox 0 0 2267 3517; ppageno 0'>
   <div class='ocr_carea' id='block_1_1' title="bbox 264 116 1983 3358">
    <p class='ocr_par' dir='ltr' id='par_1_1' title="bbox 357 116 1964 192">
     <span class='ocr_line' id='line_1_1' title="bbox 357 116 1964 192; baseline 0 -13"><span class='ocrx_word' id='word_1_1' title='bbox 357 130 455 179; x_wconf 81' lang='lat'>298</span> <span class='ocrx_word' id='word_1_2' title='bbox 966 128 1338 178; x_wconf 71' lang='grc' dir='ltr'>ἮΡοΔοΤοΤ</span> <span class='ocrx_word' id='word_1_3' title='bbox 1479 116 1481 119; x_wconf 82' lang='grc'><strong>’</strong></span> <span class='ocrx_word' id='word_1_4' title='bbox 1833 125 1964 192; x_wconf 80' lang='lat' dir='ltr'><strong>[IV.</strong></span> 
     </span>
    </p>

    <p class='ocr_par' dir='ltr' id='par_1_2' title="bbox 278 205 1968 550">
     <span class='ocr_line' id='line_1_2' title="bbox 278 205 1968 288; baseline 0 -22"><span class='ocrx_word' id='word_1_5' title='bbox 278 249 281 252; x_wconf 85' lang='lat'>-</span> <span class='ocrx_word' id='word_1_6' title='bbox 354 211 412 270; x_wconf 86' lang='grc' dir='ltr'>ἐς</span> <span class='ocrx_word' id='word_1_7' title='bbox 442 206 547 282; x_wconf 73' lang='grc' dir='ltr'>τήν</span> <span class='ocrx_word' id='word_1_8' title='bbox 576 209 689 288; x_wconf 76' lang='grc' dir='ltr'>γῆν</span> <span class='ocrx_word' id='word_1_9' title='bbox 722 207 929 282; x_wconf 81' lang='grc' dir='ltr'>ταύτην</span> <span class='ocrx_word' id='word_1_10' title='bbox 953 206 992 283; x_wconf 85' lang='grc' dir='ltr'><strong><em>ἥ</em></strong></span> <span class='ocrx_word' id='word_1_11' title='bbox 1021 231 1105 270; x_wconf 89' lang='grc' dir='ltr'>τις</span> <span class='ocrx_word' id='word_1_12' title='bbox 1141 211 1240 267; x_wconf 82' lang='grc' dir='ltr'>νῦν</span> <span class='ocrx_word' id='word_1_13' title='bbox 1265 205 1376 266; x_wconf 77' lang='grc' dir='ltr'>ὖπὸ</span> <span class='ocrx_word' id='word_1_14' title='bbox 1405 205 1696 282; x_wconf 85' lang='grc' dir='ltr'>Ἑλλήνων</span> <span class='ocrx_word' id='word_1_15' title='bbox 1719 205 1968 284; x_wconf 70' lang='grc' dir='ltr'>Εὐρώπη</span> 
     </span>
     <span class='ocr_line' id='line_1_3' title="bbox 358 293 1968 371; baseline 0.005 -19"><span class='ocrx_word' id='word_1_16' title='bbox 358 295 630 364; x_wconf 85' lang='grc' dir='ltr'>καλέεται,</span> <span class='ocrx_word' id='word_1_17' title='bbox 648 293 779 353; x_wconf 73' lang='grc' dir='ltr'>ἀλλ’</span> <span class='ocrx_word' id='word_1_18' title='bbox 801 294 940 354; x_wconf 88' lang='grc' dir='ltr'>ὅσον</span> <span class='ocrx_word' id='word_1_19' title='bbox 962 301 1021 354; x_wconf 90' lang='grc' dir='ltr'>ἐκ</span> <span class='ocrx_word' id='word_1_20' title='bbox 1038 295 1296 371; x_wconf 80' lang='grc' dir='ltr'>Φοινίκης</span> <span class='ocrx_word' id='word_1_21' title='bbox 1322 300 1377 358; x_wconf 88' lang='grc' dir='ltr'>ἐς</span> <span class='ocrx_word' id='word_1_22' title='bbox 1399 294 1630 371; x_wconf 87' lang='grc' dir='ltr'>Κρήτην</span> <span class='ocrx_word' id='word_1_23' title='bbox 1646 299 1706 354; x_wconf 91' lang='grc' dir='ltr'>ἐκ</span> <span class='ocrx_word' id='word_1_24' title='bbox 1735 295 1968 371; x_wconf 67' lang='grc' dir='ltr'>Κρήτης</span> 
     </span>
     <span class='ocr_line' id='line_1_4' title="bbox 356 382 1967 460; baseline 0 -18"><span class='ocrx_word' id='word_1_25' title='bbox 356 383 417 442; x_wconf 82' lang='grc' dir='ltr'>δὲ</span> <span class='ocrx_word' id='word_1_26' title='bbox 444 388 499 446; x_wconf 91' lang='grc' dir='ltr'>ἐς</span> <span class='ocrx_word' id='word_1_27' title='bbox 524 382 753 458; x_wconf 85' lang='grc' dir='ltr'>Λυκίην.</span> <span class='ocrx_word' id='word_1_28' title='bbox 820 386 997 442; x_wconf 83' lang='grc' dir='ltr'>ταῦτα</span> <span class='ocrx_word' id='word_1_29' title='bbox 1021 385 1125 460; x_wconf 90' lang='grc' dir='ltr'>μέν</span> <span class='ocrx_word' id='word_1_30' title='bbox 1153 409 1249 443; x_wconf 91' lang='grc' dir='ltr'>νυν</span> <span class='ocrx_word' id='word_1_31' title='bbox 1275 383 1366 442; x_wconf 83' lang='grc' dir='ltr'>ἐπὶ</span> <span class='ocrx_word' id='word_1_32' title='bbox 1399 386 1676 443; x_wconf 80' lang='grc' dir='ltr'>τοσοῦτον</span> <span class='ocrx_word' id='word_1_33' title='bbox 1703 382 1967 460; x_wconf 78' lang='grc' dir='ltr'>εἰρήσθω·</span> 
     </span>
     <span class='ocr_line' id='line_1_5' title="bbox 356 469 1686 550; baseline -0.001 -20"><span class='ocrx_word' id='word_1_34' title='bbox 356 474 509 530; x_wconf 81' lang='grc' dir='ltr'>τοῖσι</span> <span class='ocrx_word' id='word_1_35' title='bbox 534 470 644 550; x_wconf 70' lang='grc' dir='ltr'>’γὰρ</span> <span class='ocrx_word' id='word_1_36' title='bbox 666 472 1083 548; x_wconf 80' lang='grc' dir='ltr'>νομιζομένοισι</span> <span class='ocrx_word' id='word_1_37' title='bbox 1110 470 1290 531; x_wconf 74' lang='grc' dir='ltr'>αὐτῶν</span> <span class='ocrx_word' id='word_1_38' title='bbox 1316 469 1661 549; x_wconf 84' lang='grc' dir='ltr'>χρησόμεθα.</span> <span class='ocrx_word' id='word_1_39' title='bbox 1681 539 1686 544; x_wconf 31' lang='grc'>,</span> 
     </span>
    </p>

    <p class='ocr_par' dir='ltr' id='par_1_3' title="bbox 266 556 1970 1869">
     <span class='ocr_line' id='line_1_6' title="bbox 266 556 1970 635; baseline 0 -17"><span class='ocrx_word' id='word_1_40' title='bbox 266 560 341 618; x_wconf 80' lang='grc'>46</span> <span class='ocrx_word' id='word_1_41' title='bbox 438 558 507 618; x_wconf 85' lang='lat' dir='ltr'>‘O</span> <span class='ocrx_word' id='word_1_42' title='bbox 542 559 602 619; x_wconf 84' lang='grc' dir='ltr'>δὲ</span> <span class='ocrx_word' id='word_1_43' title='bbox 636 559 858 622; x_wconf 84' lang='grc' dir='ltr'>Πόντος</span> <span class='ocrx_word' id='word_1_44' title='bbox 886 558 918 618; x_wconf 78' lang='grc' dir='ltr'>ὁ</span> <span class='ocrx_word' id='word_1_45' title='bbox 943 557 1220 630; x_wconf 79' lang='grc' dir='ltr'>Εὔξεινος,</span> <span class='ocrx_word' id='word_1_46' title='bbox 1252 558 1336 618; x_wconf 83' lang='grc' dir='ltr'>ἐπ’</span> <span class='ocrx_word' id='word_1_47' title='bbox 1363 558 1430 619; x_wconf 78' lang='grc' dir='ltr'>ὃν</span> <span class='ocrx_word' id='word_1_48' title='bbox 1457 556 1822 635; x_wconf 76' lang='grc' dir='ltr'>ἐστρατεύετο</span> <span class='ocrx_word' id='word_1_49' title='bbox 1849 565 1970 618; x_wconf 79' lang='grc' dir='ltr'>Δα-</span> 
     </span>
     <span class='ocr_line' id='line_1_7' title="bbox 355 645 1966 726; baseline 0 -20"><span class='ocrx_word' id='word_1_50' title='bbox 355 649 519 724; x_wconf 84' lang='grc' dir='ltr'>ρεῖος,</span> <span class='ocrx_word' id='word_1_51' title='bbox 552 646 774 726; x_wconf 78' lang='grc' dir='ltr'>χωρέων</span> <span class='ocrx_word' id='word_1_52' title='bbox 809 647 1036 706; x_wconf 85' lang='grc' dir='ltr'>πασέων</span> <span class='ocrx_word' id='word_1_53' title='bbox 1061 648 1382 726; x_wconf 85' lang='grc' dir='ltr'>παρέχεται,</span> <span class='ocrx_word' id='word_1_54' title='bbox 1413 645 1514 717; x_wconf 80' lang='grc' dir='ltr'>ἔξω</span> <span class='ocrx_word' id='word_1_55' title='bbox 1539 650 1641 707; x_wconf 82' lang='grc' dir='ltr'>τοῦ</span> <span class='ocrx_word' id='word_1_56' title='bbox 1671 647 1966 716; x_wconf 80' lang='grc' dir='ltr'>Σκυθικοῦ,</span> 
     </span>
     <span class='ocr_line' id='line_1_8' title="bbox 358 733 1968 815; baseline 0 -21"><span class='ocrx_word' id='word_1_57' title='bbox 358 736 516 795; x_wconf 81' lang='grc' dir='ltr'>ἔθνεα</span> <span class='ocrx_word' id='word_1_58' title='bbox 554 734 939 812; x_wconf 74' lang='grc' dir='ltr'>ἀμαθέστατα·</span> <span class='ocrx_word' id='word_1_59' title='bbox 994 733 1121 794; x_wconf 79' lang='grc' dir='ltr'>οὔτε</span> <span class='ocrx_word' id='word_1_60' title='bbox 1159 734 1272 815; x_wconf 67' lang='grc' dir='ltr'>γὰρ</span> <span class='ocrx_word' id='word_1_61' title='bbox 1312 735 1468 797; x_wconf 82' lang='grc' dir='ltr'>ἔθνος</span> <span class='ocrx_word' id='word_1_62' title='bbox 1505 738 1616 794; x_wconf 76' lang='grc' dir='ltr'>τῶν</span> <span class='ocrx_word' id='word_1_63' title='bbox 1656 733 1812 796; x_wconf 77' lang='grc' dir='ltr'>ἐντὸς</span> <span class='ocrx_word' id='word_1_64' title='bbox 1835 738 1968 794; x_wconf 57' lang='grc' dir='ltr'>τοῦ</span> 
     </span>
     <span class='ocr_line' id='line_1_9' title="bbox 359 821 1966 901; baseline -0.001 -20"><span class='ocrx_word' id='word_1_65' title='bbox 359 822 585 883; x_wconf 82' lang='grc' dir='ltr'>Πόντου</span> <span class='ocrx_word' id='word_1_66' title='bbox 628 821 799 882; x_wconf 73' lang='grc' dir='ltr'>οὐδὲν</span> <span class='ocrx_word' id='word_1_67' title='bbox 844 823 1043 901; x_wconf 80' lang='grc' dir='ltr'>ἔχομεν</span> <span class='ocrx_word' id='word_1_68' title='bbox 1094 823 1501 899; x_wconf 84' lang='grc' dir='ltr'>προβαλέσθαι</span> <span class='ocrx_word' id='word_1_69' title='bbox 1553 823 1766 899; x_wconf 83' lang='grc' dir='ltr'>σοφίης</span> <span class='ocrx_word' id='word_1_70' title='bbox 1815 823 1966 900; x_wconf 87' lang='grc' dir='ltr'>πέρι,</span> 
     </span>
     <span class='ocr_line' id='line_1_10' title="bbox 358 909 1968 991; baseline 0 -21"><span class='ocrx_word' id='word_1_71' title='bbox 358 909 489 971; x_wconf 81' lang='grc' dir='ltr'>οὔτε</span> <span class='ocrx_word' id='word_1_72' title='bbox 534 909 707 988; x_wconf 76' lang='grc' dir='ltr'>ἄνδρα</span> <span class='ocrx_word' id='word_1_73' title='bbox 748 909 948 991; x_wconf 83' lang='grc' dir='ltr'>λόγιον</span> <span class='ocrx_word' id='word_1_74' title='bbox 1002 910 1229 987; x_wconf 80' lang='grc' dir='ltr'>οἴδαμεν</span> <span class='ocrx_word' id='word_1_75' title='bbox 1273 909 1588 991; x_wconf 81' lang='grc' dir='ltr'>γενόμενον,</span> <span class='ocrx_word' id='word_1_76' title='bbox 1632 909 1814 987; x_wconf 79' lang='grc' dir='ltr'>πάρεξ</span> <span class='ocrx_word' id='word_1_77' title='bbox 1861 914 1968 970; x_wconf 81' lang='grc' dir='ltr'>τοῦ</span> 
     </span>
     <span class='ocr_line' id='line_1_11' title="bbox 359 997 1970 1078; baseline -0.001 -20"><span class='ocrx_word' id='word_1_78' title='bbox 359 1000 632 1064; x_wconf 82' lang='grc' dir='ltr'>Σκυθικοῦ</span> <span class='ocrx_word' id='word_1_79' title='bbox 672 999 855 1062; x_wconf 80' lang='grc' dir='ltr'>ἔθνεος</span> <span class='ocrx_word' id='word_1_80' title='bbox 895 998 986 1057; x_wconf 84' lang='grc' dir='ltr'>καὶ</span> <span class='ocrx_word' id='word_1_81' title='bbox 1024 997 1422 1077; x_wconf 77' lang='grc' dir='ltr'>Ἀναχάρσιος.</span> <span class='ocrx_word' id='word_1_82' title='bbox 1492 1002 1570 1078; x_wconf 74' lang='grc' dir='ltr'>τῷ</span> <span class='ocrx_word' id='word_1_83' title='bbox 1610 997 1670 1057; x_wconf 75' lang='grc' dir='ltr'>δὲ</span> <span class='ocrx_word' id='word_1_84' title='bbox 1711 999 1970 1078; x_wconf 72' lang='grc' dir='ltr'>Σκυθικῷ</span> 
     </span>
     <span class='ocr_line' id='line_1_12' title="bbox 355 1086 1964 1169; baseline -0.003 -21"><span class='ocrx_word' id='word_1_85' title='bbox 355 1089 503 1169; x_wconf 81' lang='grc' dir='ltr'>γένεϊ</span> <span class='ocrx_word' id='word_1_86' title='bbox 544 1089 602 1149; x_wconf 82' lang='grc' dir='ltr'>ἓν</span> <span class='ocrx_word' id='word_1_87' title='bbox 632 1090 736 1164; x_wconf 88' lang='grc' dir='ltr'>μὲν</span> <span class='ocrx_word' id='word_1_88' title='bbox 764 1087 833 1147; x_wconf 72' lang='grc' dir='ltr'>τό</span> <span class='ocrx_word' id='word_1_89' title='bbox 865 1088 1138 1167; x_wconf 84' lang='grc' dir='ltr'>μέγιστον</span> <span class='ocrx_word' id='word_1_90' title='bbox 1169 1090 1280 1146; x_wconf 80' lang='grc' dir='ltr'>τῶν</span> <span class='ocrx_word' id='word_1_91' title='bbox 1317 1086 1677 1164; x_wconf 74' lang='grc' dir='ltr'>ἅνθρωπηΐων</span> <span class='ocrx_word' id='word_1_92' title='bbox 1703 1086 1964 1166; x_wconf 73' lang='grc' dir='ltr'>πρηγμά-</span> 
     </span>
     <span class='ocr_line' id='line_1_13' title="bbox 356 1173 1965 1253; baseline -0.001 -17"><span class='ocrx_word' id='word_1_93' title='bbox 356 1202 467 1238; x_wconf 90' lang='grc' dir='ltr'>των</span> <span class='ocrx_word' id='word_1_94' title='bbox 506 1176 819 1253; x_wconf 76' lang='grc' dir='ltr'>σοφώτατα</span> <span class='ocrx_word' id='word_1_95' title='bbox 857 1174 1078 1234; x_wconf 79' lang='grc' dir='ltr'>πάντων</span> <span class='ocrx_word' id='word_1_96' title='bbox 1118 1174 1402 1252; x_wconf 78' lang='grc' dir='ltr'>ἐξεύρηται</span> <span class='ocrx_word' id='word_1_97' title='bbox 1440 1178 1552 1239; x_wconf 79' lang='grc' dir='ltr'>τῶν</span> <span class='ocrx_word' id='word_1_98' title='bbox 1588 1173 1751 1252; x_wconf 77' lang='grc' dir='ltr'>ἡμεῖς</span> <span class='ocrx_word' id='word_1_99' title='bbox 1785 1175 1965 1250; x_wconf 81' lang='grc' dir='ltr'>ἴδμεν·</span> 
     </span>
     <span class='ocr_line' id='line_1_14' title="bbox 355 1260 1966 1343; baseline -0.001 -19"><span class='ocrx_word' id='word_1_100' title='bbox 355 1263 429 1324; x_wconf 69' lang='grc' dir='ltr'>τοῖ</span> <span class='ocrx_word' id='word_1_101' title='bbox 465 1266 659 1340; x_wconf 88' lang='grc' dir='ltr'>μέντοι</span> <span class='ocrx_word' id='word_1_102' title='bbox 697 1262 853 1322; x_wconf 80' lang='grc' dir='ltr'>ἅλλα</span> <span class='ocrx_word' id='word_1_103' title='bbox 894 1262 993 1322; x_wconf 75' lang='grc' dir='ltr'>οὐκ</span> <span class='ocrx_word' id='word_1_104' title='bbox 1034 1260 1270 1343; x_wconf 76' lang='grc' dir='ltr'>ἄγαμαι·</span> <span class='ocrx_word' id='word_1_105' title='bbox 1312 1263 1379 1322; x_wconf 81' lang='grc' dir='ltr'>τό</span> <span class='ocrx_word' id='word_1_106' title='bbox 1415 1262 1474 1322; x_wconf 82' lang='grc' dir='ltr'>δὲ</span> <span class='ocrx_word' id='word_1_107' title='bbox 1507 1261 1782 1343; x_wconf 83' lang='grc' dir='ltr'>μέγιστον</span> <span class='ocrx_word' id='word_1_108' title='bbox 1821 1261 1966 1322; x_wconf 74' lang='grc' dir='ltr'>οὕτω</span> 
     </span>
     <span class='ocr_line' id='line_1_15' title="bbox 357 1349 1968 1431; baseline -0.001 -19"><span class='ocrx_word' id='word_1_109' title='bbox 357 1358 471 1427; x_wconf 85' lang='grc' dir='ltr'>σφι</span> <span class='ocrx_word' id='word_1_110' title='bbox 496 1351 807 1430; x_wconf 76' lang='grc' dir='ltr'>ἀνεύρηται,</span> <span class='ocrx_word' id='word_1_111' title='bbox 828 1350 976 1410; x_wconf 78' lang='grc' dir='ltr'>ὥστε</span> <span class='ocrx_word' id='word_1_112' title='bbox 993 1350 1338 1431; x_wconf 76' lang='grc' dir='ltr'>ἀποφυγέειν</span> <span class='ocrx_word' id='word_1_113' title='bbox 1351 1375 1415 1410; x_wconf 86' lang='grc' dir='ltr'>τε</span> <span class='ocrx_word' id='word_1_114' title='bbox 1427 1349 1638 1426; x_wconf 80' lang='grc' dir='ltr'>μηδένα</span> <span class='ocrx_word' id='word_1_115' title='bbox 1654 1350 1968 1410; x_wconf 81' lang='grc' dir='ltr'>ἐπελθόντα</span> 
     </span>
     <span class='ocr_line' id='line_1_16' title="bbox 358 1437 1963 1516; baseline 0 -19"><span class='ocrx_word' id='word_1_116' title='bbox 358 1440 450 1498; x_wconf 86' lang='grc' dir='ltr'>ἐπὶ</span> <span class='ocrx_word' id='word_1_117' title='bbox 482 1440 681 1516; x_wconf 87' lang='grc' dir='ltr'>σφέας,</span> <span class='ocrx_word' id='word_1_118' title='bbox 708 1438 788 1514; x_wconf 74' lang='grc' dir='ltr'>μή</span> <span class='ocrx_word' id='word_1_119' title='bbox 830 1439 1217 1514; x_wconf 83' lang='grc' dir='ltr'>βουλομένους</span> <span class='ocrx_word' id='word_1_120' title='bbox 1239 1463 1304 1498; x_wconf 90' lang='grc' dir='ltr'>τε</span> <span class='ocrx_word' id='word_1_121' title='bbox 1337 1437 1685 1515; x_wconf 83' lang='grc' dir='ltr'>ἐξευρεθῆναι</span> <span class='ocrx_word' id='word_1_122' title='bbox 1722 1443 1963 1498; x_wconf 87' lang='grc' dir='ltr'>καταλα-</span> 
     </span>
     <span class='ocr_line' id='line_1_17' title="bbox 354 1523 1966 1607; baseline 0 -21"><span class='ocrx_word' id='word_1_123' title='bbox 354 1526 486 1601; x_wconf 84' lang='grc' dir='ltr'>βεῖν</span> <span class='ocrx_word' id='word_1_124' title='bbox 518 1527 598 1602; x_wconf 76' lang='grc' dir='ltr'>μή</span> <span class='ocrx_word' id='word_1_125' title='bbox 638 1526 756 1586; x_wconf 82' lang='grc' dir='ltr'>οἷόν</span> <span class='ocrx_word' id='word_1_126' title='bbox 788 1550 853 1585; x_wconf 91' lang='grc' dir='ltr'>τε</span> <span class='ocrx_word' id='word_1_127' title='bbox 893 1525 1051 1586; x_wconf 81' lang='grc' dir='ltr'>εἶναι·</span> <span class='ocrx_word' id='word_1_128' title='bbox 1091 1529 1246 1587; x_wconf 85' lang='grc' dir='ltr'>τοῖσι</span> <span class='ocrx_word' id='word_1_129' title='bbox 1267 1525 1388 1607; x_wconf 65' lang='grc' dir='ltr'>γὰρ</span> <span class='ocrx_word' id='word_1_130' title='bbox 1426 1525 1572 1602; x_wconf 86' lang='grc' dir='ltr'>μήτε</span> <span class='ocrx_word' id='word_1_131' title='bbox 1601 1523 1781 1588; x_wconf 80' lang='grc' dir='ltr'>ἄστεα</span> <span class='ocrx_word' id='word_1_132' title='bbox 1819 1525 1966 1602; x_wconf 81' lang='grc' dir='ltr'>μήτε</span> 
     </span>
     <span class='ocr_line' id='line_1_18' title="bbox 355 1612 1966 1693; baseline -0.001 -20"><span class='ocrx_word' id='word_1_133' title='bbox 355 1614 544 1693; x_wconf 86' lang='grc' dir='ltr'>τείχεα</span> <span class='ocrx_word' id='word_1_134' title='bbox 580 1613 621 1692; x_wconf 82' lang='grc' dir='ltr'><em>ᾗ</em></span> <span class='ocrx_word' id='word_1_135' title='bbox 663 1613 979 1689; x_wconf 73' lang='grc' dir='ltr'>ἐκτισμένα,</span> <span class='ocrx_word' id='word_1_136' title='bbox 1022 1612 1178 1672; x_wconf 67' lang='grc' dir='ltr'>ἀλλὰ</span> <span class='ocrx_word' id='word_1_137' title='bbox 1220 1615 1503 1690; x_wconf 85' lang='grc' dir='ltr'>φερέοικοι</span> <span class='ocrx_word' id='word_1_138' title='bbox 1543 1612 1723 1677; x_wconf 90' lang='grc' dir='ltr'>ἐόντες</span> <span class='ocrx_word' id='word_1_139' title='bbox 1759 1612 1966 1678; x_wconf 83' lang='grc' dir='ltr'>πάντες</span> 
     </span>
     <span class='ocr_line' id='line_1_19' title="bbox 358 1698 1964 1777; baseline 0.001 -16"><span class='ocrx_word' id='word_1_140' title='bbox 358 1703 489 1761; x_wconf 81' lang='grc' dir='ltr'>ἔωσι</span> <span class='ocrx_word' id='word_1_141' title='bbox 532 1699 911 1770; x_wconf 81' lang='grc' dir='ltr'>ἱπποτοξόται,</span> <span class='ocrx_word' id='word_1_142' title='bbox 940 1698 1172 1771; x_wconf 74' lang='grc' dir='ltr'>ζώοντες</span> <span class='ocrx_word' id='word_1_143' title='bbox 1203 1700 1284 1777; x_wconf 74' lang='grc' dir='ltr'>μὴ</span> <span class='ocrx_word' id='word_1_144' title='bbox 1324 1699 1418 1760; x_wconf 71' lang='grc' dir='ltr'>ἀπ’</span> <span class='ocrx_word' id='word_1_145' title='bbox 1446 1699 1651 1777; x_wconf 87' lang='grc' dir='ltr'>οἷρότου</span> <span class='ocrx_word' id='word_1_146' title='bbox 1686 1699 1819 1761; x_wconf 73' lang='grc' dir='ltr'>ἀλλ’</span> <span class='ocrx_word' id='word_1_147' title='bbox 1845 1701 1964 1762; x_wconf 78' lang='grc' dir='ltr'>ἆπό</span> 
     </span>
     <span class='ocr_line' id='line_1_20' title="bbox 362 1787 1966 1869; baseline 0.001 -21"><span class='ocrx_word' id='word_1_148' title='bbox 362 1789 614 1867; x_wconf 86' lang='grc' dir='ltr'>κτηνέων,</span> <span class='ocrx_word' id='word_1_149' title='bbox 652 1787 929 1866; x_wconf 78' lang='grc' dir='ltr'>οἰκήματά</span> <span class='ocrx_word' id='word_1_150' title='bbox 966 1788 1032 1848; x_wconf 85' lang='grc' dir='ltr'>τέ</span> <span class='ocrx_word' id='word_1_151' title='bbox 1071 1793 1186 1864; x_wconf 87' lang='grc' dir='ltr'>σφι</span> <span class='ocrx_word' id='word_1_152' title='bbox 1220 1787 1259 1868; x_wconf 79' lang='grc' dir='ltr'>’ᾗ</span> <span class='ocrx_word' id='word_1_153' title='bbox 1301 1789 1392 1848; x_wconf 85' lang='grc' dir='ltr'>ἐπὶ</span> <span class='ocrx_word' id='word_1_154' title='bbox 1432 1787 1681 1869; x_wconf 82' lang='grc' dir='ltr'>ζευγέων,</span> <span class='ocrx_word' id='word_1_155' title='bbox 1720 1794 1827 1852; x_wconf 81' lang='grc' dir='ltr'>κῶς</span> <span class='ocrx_word' id='word_1_156' title='bbox 1860 1788 1966 1849; x_wconf 77' lang='grc' dir='ltr'>οὔκ</span> 
     </span>
    </p>

    <p class='ocr_par' dir='ltr' id='par_1_4' title="bbox 278 1874 1960 1959">
     <span class='ocr_line' id='line_1_21' title="bbox 278 1874 1960 1959; baseline -0.001 -20"><span class='ocrx_word' id='word_1_157' title='bbox 278 1877 284 1881; x_wconf 59' lang='grc'><em>”</em></span> <span class='ocrx_word' id='word_1_158' title='bbox 356 1877 427 1939; x_wconf 77' lang='grc' dir='ltr'>ἂν</span> <span class='ocrx_word' id='word_1_159' title='bbox 452 1879 649 1955; x_wconf 83' lang='grc' dir='ltr'>εἴησαν</span> <span class='ocrx_word' id='word_1_160' title='bbox 676 1874 833 1937; x_wconf 80' lang='grc' dir='ltr'>οὗτοι</span> <span class='ocrx_word' id='word_1_161' title='bbox 856 1874 1074 1956; x_wconf 82' lang='grc' dir='ltr'>α”μαχοί</span> <span class='ocrx_word' id='word_1_162' title='bbox 1100 1903 1164 1936; x_wconf 86' lang='grc' dir='ltr'>τε</span> <span class='ocrx_word' id='word_1_163' title='bbox 1191 1877 1284 1935; x_wconf 82' lang='grc' dir='ltr'>καὶ</span> <span class='ocrx_word' id='word_1_164' title='bbox 1310 1875 1512 1953; x_wconf 79' lang='grc' dir='ltr'>ἄποροι</span> <span class='ocrx_word' id='word_1_165' title='bbox 1545 1877 1922 1959; x_wconf 80' lang='grc' dir='ltr'>προσμίσγειν</span> <span class='ocrx_word' id='word_1_166' title='bbox 1941 1904 1960 1948; x_wconf 83' lang='grc'><strong>;</strong></span> 
     </span>
    </p>

    <p class='ocr_par' dir='ltr' id='par_1_5' title="bbox 264 1963 1983 2568">
     <span class='ocr_line' id='line_1_22' title="bbox 264 1963 1962 2045; baseline -0.001 -19"><span class='ocrx_word' id='word_1_167' title='bbox 264 1965 339 2028; x_wconf 81' lang='grc'>47</span> <span class='ocrx_word' id='word_1_168' title='bbox 356 1965 680 2044; x_wconf 81' lang='grc' dir='ltr'>Ἐξεύρηται</span> <span class='ocrx_word' id='word_1_169' title='bbox 720 1965 784 2026; x_wconf 89' lang='grc' dir='ltr'>δέ</span> <span class='ocrx_word' id='word_1_170' title='bbox 821 1970 937 2042; x_wconf 83' lang='grc' dir='ltr'>σφι</span> <span class='ocrx_word' id='word_1_171' title='bbox 969 1968 1162 2034; x_wconf 70' lang='grc' dir='ltr'>ταῦτα,</span> <span class='ocrx_word' id='word_1_172' title='bbox 1191 1968 1293 2040; x_wconf 87' lang='grc' dir='ltr'>τῆς</span> <span class='ocrx_word' id='word_1_173' title='bbox 1321 1989 1385 2023; x_wconf 88' lang='grc' dir='ltr'>τε</span> <span class='ocrx_word' id='word_1_174' title='bbox 1417 1967 1524 2045; x_wconf 74' lang='grc' dir='ltr'>γῆς</span> <span class='ocrx_word' id='word_1_175' title='bbox 1551 1963 1751 2040; x_wconf 73' lang='grc' dir='ltr'>ἐούσης</span> <span class='ocrx_word' id='word_1_176' title='bbox 1775 1970 1962 2042; x_wconf 88' lang='grc' dir='ltr'>ἐπιτη-</span> 
     </span>
     <span class='ocr_line' id='line_1_23' title="bbox 358 2051 1962 2132; baseline -0.001 -18"><span class='ocrx_word' id='word_1_177' title='bbox 358 2055 483 2132; x_wconf 85' lang='grc' dir='ltr'>δέης</span> <span class='ocrx_word' id='word_1_178' title='bbox 505 2055 611 2114; x_wconf 71' lang='grc' dir='ltr'>καὶ</span> <span class='ocrx_word' id='word_1_179' title='bbox 644 2059 757 2115; x_wconf 82' lang='grc' dir='ltr'>τῶν</span> <span class='ocrx_word' id='word_1_180' title='bbox 784 2057 1052 2129; x_wconf 82' lang='grc' dir='ltr'>ποταμῶν</span> <span class='ocrx_word' id='word_1_181' title='bbox 1090 2053 1289 2114; x_wconf 87' lang='grc' dir='ltr'>ἐόντων</span> <span class='ocrx_word' id='word_1_182' title='bbox 1313 2057 1428 2126; x_wconf 88' lang='grc' dir='ltr'>σφι</span> <span class='ocrx_word' id='word_1_183' title='bbox 1453 2051 1786 2131; x_wconf 80' lang='grc' dir='ltr'>συμμάχων·</span> <span class='ocrx_word' id='word_1_184' title='bbox 1825 2051 1863 2128; x_wconf 87' lang='grc' dir='ltr'><strong><em>ἦ</em></strong></span> <span class='ocrx_word' id='word_1_185' title='bbox 1895 2078 1962 2114; x_wconf 82' lang='grc' dir='ltr'>τε</span> 
     </span>
     <span class='ocr_line' id='line_1_24' title="bbox 355 2138 1962 2225; baseline -0.002 -21"><span class='ocrx_word' id='word_1_186' title='bbox 355 2145 467 2224; x_wconf 68' lang='grc' dir='ltr'>γσῖρ</span> <span class='ocrx_word' id='word_1_187' title='bbox 497 2147 573 2225; x_wconf 83' lang='grc' dir='ltr'>γῆ</span> <span class='ocrx_word' id='word_1_188' title='bbox 616 2148 791 2203; x_wconf 85' lang='grc' dir='ltr'>ἐοῦσα</span> <span class='ocrx_word' id='word_1_189' title='bbox 829 2138 1033 2205; x_wconf 82' lang='grc' dir='ltr'>πεδιοῖς</span> <span class='ocrx_word' id='word_1_190' title='bbox 1064 2139 1223 2216; x_wconf 76' lang='grc' dir='ltr'>αὕτη,</span> <span class='ocrx_word' id='word_1_191' title='bbox 1255 2138 1495 2215; x_wconf 79' lang='grc' dir='ltr'>ποιώδης</span> <span class='ocrx_word' id='word_1_192' title='bbox 1518 2165 1582 2200; x_wconf 88' lang='grc' dir='ltr'>τε</span> <span class='ocrx_word' id='word_1_193' title='bbox 1613 2141 1704 2199; x_wconf 87' lang='grc' dir='ltr'>καὶ</span> <span class='ocrx_word' id='word_1_194' title='bbox 1739 2138 1962 2216; x_wconf 77' lang='grc' dir='ltr'>εὖυδρός</span> 
     </span>
     <span class='ocr_line' id='line_1_25' title="bbox 357 2226 1958 2308; baseline -0.002 -18"><span class='ocrx_word' id='word_1_195' title='bbox 357 2237 501 2290; x_wconf 88' lang='grc' dir='ltr'>ἐστι·</span> <span class='ocrx_word' id='word_1_196' title='bbox 554 2230 805 2307; x_wconf 82' lang='grc' dir='ltr'>ποταμοί</span> <span class='ocrx_word' id='word_1_197' title='bbox 840 2254 905 2289; x_wconf 89' lang='grc' dir='ltr'>τε</span> <span class='ocrx_word' id='word_1_198' title='bbox 948 2227 1017 2286; x_wconf 82' lang='grc' dir='ltr'>δι’</span> <span class='ocrx_word' id='word_1_199' title='bbox 1057 2228 1230 2304; x_wconf 77' lang='grc' dir='ltr'>αὐτῆς</span> <span class='ocrx_word' id='word_1_200' title='bbox 1269 2228 1463 2306; x_wconf 85' lang='grc' dir='ltr'>ῥέουσι</span> <span class='ocrx_word' id='word_1_201' title='bbox 1503 2226 1570 2286; x_wconf 79' lang='grc' dir='ltr'>οὗ</span> <span class='ocrx_word' id='word_1_202' title='bbox 1614 2231 1814 2306; x_wconf 75' lang='grc' dir='ltr'>πολλῷ</span> <span class='ocrx_word' id='word_1_203' title='bbox 1852 2254 1958 2308; x_wconf 71' lang='grc' dir='ltr'>τεῳ</span> 
     </span>
     <span class='ocr_line' id='line_1_26' title="bbox 355 2308 1960 2397; baseline 0 -21"><span class='ocrx_word' id='word_1_204' title='bbox 355 2308 598 2395; x_wconf 72' lang='grc' dir='ltr'>ἀριθμὸν</span> <span class='ocrx_word' id='word_1_205' title='bbox 624 2316 934 2379; x_wconf 79' lang='grc' dir='ltr'>ἐλάσσονες</span> <span class='ocrx_word' id='word_1_206' title='bbox 958 2319 1070 2376; x_wconf 79' lang='grc' dir='ltr'>τῶν</span> <span class='ocrx_word' id='word_1_207' title='bbox 1096 2321 1157 2376; x_wconf 94' lang='grc' dir='ltr'>ἐν</span> <span class='ocrx_word' id='word_1_208' title='bbox 1182 2313 1445 2397; x_wconf 78' lang='grc' dir='ltr'>Αἰγύπτῳ</span> <span class='ocrx_word' id='word_1_209' title='bbox 1471 2314 1768 2393; x_wconf 82' lang='grc' dir='ltr'>διωρύχων.</span> <span class='ocrx_word' id='word_1_210' title='bbox 1827 2314 1960 2376; x_wconf 83' lang='grc' dir='ltr'>ὅσοι</span> 
     </span>
     <span class='ocr_line' id='line_1_27' title="bbox 355 2402 1957 2480; baseline 0.001 -17"><span class='ocrx_word' id='word_1_211' title='bbox 355 2405 417 2464; x_wconf 83' lang='grc' dir='ltr'>δὲ</span> <span class='ocrx_word' id='word_1_212' title='bbox 456 2403 803 2480; x_wconf 77' lang='grc' dir='ltr'>οὖνομαστοί</span> <span class='ocrx_word' id='word_1_213' title='bbox 830 2404 897 2464; x_wconf 89' lang='grc' dir='ltr'>τέ</span> <span class='ocrx_word' id='word_1_214' title='bbox 934 2408 1047 2464; x_wconf 83' lang='grc' dir='ltr'>εἰσι</span> <span class='ocrx_word' id='word_1_215' title='bbox 1081 2403 1278 2473; x_wconf 77' lang='grc' dir='ltr'>αὐτῶν,</span> <span class='ocrx_word' id='word_1_216' title='bbox 1309 2403 1402 2462; x_wconf 84' lang='grc' dir='ltr'>καὶ</span> <span class='ocrx_word' id='word_1_217' title='bbox 1435 2403 1806 2480; x_wconf 82' lang='grc' dir='ltr'>προσπλωτοὶ</span> <span class='ocrx_word' id='word_1_218' title='bbox 1843 2402 1957 2464; x_wconf 61' lang='lat' dir='ltr'>eim?</span> 
     </span>
     <span class='ocr_line' id='line_1_28' title="bbox 354 2489 1983 2568; baseline -0.001 -16"><span class='ocrx_word' id='word_1_219' title='bbox 354 2491 671 2567; x_wconf 80' lang='grc' dir='ltr'>θαλάσσης,</span> <span class='ocrx_word' id='word_1_220' title='bbox 706 2491 936 2553; x_wconf 80' lang='grc' dir='ltr'>τούτους</span> <span class='ocrx_word' id='word_1_221' title='bbox 977 2491 1309 2567; x_wconf 82' lang='grc' dir='ltr'>οὖνομανέω·</span> <span class='ocrx_word' id='word_1_222' title='bbox 1341 2489 1569 2568; x_wconf 81' lang='grc' dir='ltr'>Ἴστρος</span> <span class='ocrx_word' id='word_1_223' title='bbox 1608 2493 1728 2568; x_wconf 85' lang='grc' dir='ltr'>μὲν,</span> <span class='ocrx_word' id='word_1_224' title='bbox 1759 2491 1983 2552; x_wconf 78' lang='grc' dir='ltr'>πεντά-·</span> 
     </span>
    </p>

    <p class='ocr_par' dir='ltr' id='par_1_6' title="bbox 275 2576 1960 2832">
     <span class='ocr_line' id='line_1_29' title="bbox 275 2576 1960 2657; baseline 0.001 -18"><span class='ocrx_word' id='word_1_225' title='bbox 275 2576 282 2581; x_wconf 56' lang='grc'><strong>’</strong></span> <span class='ocrx_word' id='word_1_226' title='bbox 354 2605 586 2656; x_wconf 90' lang='grc' dir='ltr'>στομος·</span> <span class='ocrx_word' id='word_1_227' title='bbox 626 2581 770 2657; x_wconf 85' lang='grc' dir='ltr'>μετοὶ</span> <span class='ocrx_word' id='word_1_228' title='bbox 810 2579 885 2648; x_wconf 86' lang='grc' dir='ltr'>δὲ,</span> <span class='ocrx_word' id='word_1_229' title='bbox 920 2577 1101 2655; x_wconf 86' lang='grc' dir='ltr'>Τύρης</span> <span class='ocrx_word' id='word_1_230' title='bbox 1130 2605 1195 2638; x_wconf 90' lang='grc' dir='ltr'>τε</span> <span class='ocrx_word' id='word_1_231' title='bbox 1229 2579 1320 2638; x_wconf 79' lang='grc' dir='ltr'>καὶ</span> <span class='ocrx_word' id='word_1_232' title='bbox 1349 2578 1606 2650; x_wconf 57' lang='grc' dir='ltr'>’Υπανις,</span> <span class='ocrx_word' id='word_1_233' title='bbox 1649 2580 1742 2640; x_wconf 83' lang='grc' dir='ltr'>καὶ</span> <span class='ocrx_word' id='word_1_234' title='bbox 1781 2585 1960 2657; x_wconf 85' lang='grc' dir='ltr'>Βορυ-</span> 
     </span>
     <span class='ocr_line' id='line_1_30' title="bbox 352 2666 1957 2747; baseline 0.002 -20"><span class='ocrx_word' id='word_1_235' title='bbox 352 2667 573 2743; x_wconf 88' lang='grc' dir='ltr'>σθένης,</span> <span class='ocrx_word' id='word_1_236' title='bbox 602 2668 696 2727; x_wconf 85' lang='grc' dir='ltr'>καὶ</span> <span class='ocrx_word' id='word_1_237' title='bbox 730 2666 1109 2742; x_wconf 82' lang='grc' dir='ltr'>Παντικάπης,</span> <span class='ocrx_word' id='word_1_238' title='bbox 1139 2668 1232 2727; x_wconf 84' lang='grc' dir='ltr'>καὶ</span> <span class='ocrx_word' id='word_1_239' title='bbox 1261 2666 1576 2745; x_wconf 76' lang='grc' dir='ltr'>Ὑπάκυρις,</span> <span class='ocrx_word' id='word_1_240' title='bbox 1604 2668 1699 2728; x_wconf 86' lang='grc' dir='ltr'>καὶ</span> <span class='ocrx_word' id='word_1_241' title='bbox 1733 2668 1957 2747; x_wconf 87' lang='grc' dir='ltr'>Γέρρος,</span> 
     </span>
     <span class='ocr_line' id='line_1_31' title="bbox 354 2753 1536 2832; baseline 0.002 -18"><span class='ocrx_word' id='word_1_242' title='bbox 354 2755 453 2814; x_wconf 86' lang='grc' dir='ltr'>καὶ</span> <span class='ocrx_word' id='word_1_243' title='bbox 472 2754 695 2819; x_wconf 77' lang='grc' dir='ltr'>Τάναϊς·</span> <span class='ocrx_word' id='word_1_244' title='bbox 732 2755 926 2832; x_wconf 81' lang='grc' dir='ltr'>ῥέουσι</span> <span class='ocrx_word' id='word_1_245' title='bbox 952 2754 1013 2814; x_wconf 84' lang='grc' dir='ltr'>δὲ</span> <span class='ocrx_word' id='word_1_246' title='bbox 1038 2753 1194 2816; x_wconf 75' lang='grc' dir='ltr'>οὗτοι</span> <span class='ocrx_word' id='word_1_247' title='bbox 1219 2754 1362 2816; x_wconf 72' lang='grc' dir='ltr'>κατὰ</span> <span class='ocrx_word' id='word_1_248' title='bbox 1383 2754 1536 2816; x_wconf 81' lang='grc' dir='ltr'>τάδε.</span> 
     </span>
    </p>

    <p class='ocr_par' dir='ltr' id='par_1_7' title="bbox 264 2841 1961 3358">
     <span class='ocr_line' id='line_1_32' title="bbox 264 2841 1960 2924; baseline 0.002 -22"><span class='ocrx_word' id='word_1_249' title='bbox 264 2843 338 2902; x_wconf 77' lang='grc'>48</span> <span class='ocrx_word' id='word_1_250' title='bbox 421 2841 651 2921; x_wconf 86' lang='grc' dir='ltr'>Ἴστρος</span> <span class='ocrx_word' id='word_1_251' title='bbox 680 2845 799 2920; x_wconf 82' lang='grc' dir='ltr'>μὲν,</span> <span class='ocrx_word' id='word_1_252' title='bbox 838 2841 939 2902; x_wconf 75' lang='grc' dir='ltr'>ἐῶν</span> <span class='ocrx_word' id='word_1_253' title='bbox 976 2842 1246 2924; x_wconf 83' lang='grc' dir='ltr'>μέγιστος</span> <span class='ocrx_word' id='word_1_254' title='bbox 1283 2848 1551 2920; x_wconf 77' lang='grc' dir='ltr'>ποταμῶν</span> <span class='ocrx_word' id='word_1_255' title='bbox 1589 2842 1809 2904; x_wconf 81' lang='grc' dir='ltr'>πάντων</span> <span class='ocrx_word' id='word_1_256' title='bbox 1845 2848 1960 2905; x_wconf 76' lang='grc' dir='ltr'>τῶν</span> 
     </span>
     <span class='ocr_line' id='line_1_33' title="bbox 352 2929 1959 3009; baseline 0.004 -19"><span class='ocrx_word' id='word_1_257' title='bbox 352 2929 513 3008; x_wconf 76' lang='grc' dir='ltr'>ἡμεῖς</span> <span class='ocrx_word' id='word_1_258' title='bbox 542 2932 715 3008; x_wconf 83' lang='grc' dir='ltr'>ἴδμεν,</span> <span class='ocrx_word' id='word_1_259' title='bbox 748 2931 876 2992; x_wconf 79' lang='grc' dir='ltr'>ἴσος</span> <span class='ocrx_word' id='word_1_260' title='bbox 916 2931 1023 3008; x_wconf 80' lang='grc' dir='ltr'>αἰεὶ</span> <span class='ocrx_word' id='word_1_261' title='bbox 1062 2931 1228 2995; x_wconf 80' lang='grc' dir='ltr'>αὗτός</span> <span class='ocrx_word' id='word_1_262' title='bbox 1269 2935 1446 3008; x_wconf 78' lang='grc' dir='ltr'>ἑωυτῷ</span> <span class='ocrx_word' id='word_1_263' title='bbox 1482 2931 1597 3008; x_wconf 85' lang='grc' dir='ltr'>ῥέει</span> <span class='ocrx_word' id='word_1_264' title='bbox 1635 2933 1730 2991; x_wconf 83' lang='grc' dir='ltr'>καὶ</span> <span class='ocrx_word' id='word_1_265' title='bbox 1767 2932 1959 3009; x_wconf 85' lang='grc' dir='ltr'>θέρεος</span> 
     </span>
     <span class='ocr_line' id='line_1_34' title="bbox 356 3017 1958 3098; baseline 0.001 -21"><span class='ocrx_word' id='word_1_266' title='bbox 356 3019 450 3077; x_wconf 86' lang='grc' dir='ltr'>καὶ</span> <span class='ocrx_word' id='word_1_267' title='bbox 482 3021 771 3098; x_wconf 82' lang='grc' dir='ltr'>χειμῶνος·</span> <span class='ocrx_word' id='word_1_268' title='bbox 812 3021 1031 3094; x_wconf 78' lang='grc' dir='ltr'>πρῶτος</span> <span class='ocrx_word' id='word_1_269' title='bbox 1064 3018 1122 3076; x_wconf 82' lang='grc' dir='ltr'>δὲ</span> <span class='ocrx_word' id='word_1_270' title='bbox 1153 3019 1221 3078; x_wconf 75' lang='grc' dir='ltr'>τὰ</span> <span class='ocrx_word' id='word_1_271' title='bbox 1262 3017 1358 3076; x_wconf 75' lang='grc' dir='ltr'>ἀπ’</span> <span class='ocrx_word' id='word_1_272' title='bbox 1385 3019 1626 3095; x_wconf 82' lang='grc' dir='ltr'>ἑσπέρης</span> <span class='ocrx_word' id='word_1_273' title='bbox 1658 3023 1770 3079; x_wconf 79' lang='grc' dir='ltr'>τῶν</span> <span class='ocrx_word' id='word_1_274' title='bbox 1800 3024 1860 3078; x_wconf 91' lang='grc' dir='ltr'>ἐν</span> <span class='ocrx_word' id='word_1_275' title='bbox 1883 3025 1958 3098; x_wconf 74' lang='grc' dir='ltr'>τῇ</span> 
     </span>
     <span class='ocr_line' id='line_1_35' title="bbox 356 3102 1960 3186; baseline 0.002 -22"><span class='ocrx_word' id='word_1_276' title='bbox 356 3106 601 3183; x_wconf 80' lang='grc' dir='ltr'>Σκυθικῇ</span> <span class='ocrx_word' id='word_1_277' title='bbox 625 3105 777 3182; x_wconf 88' lang='grc' dir='ltr'>ῥέων,</span> <span class='ocrx_word' id='word_1_278' title='bbox 795 3102 937 3163; x_wconf 79' lang='grc' dir='ltr'>κατοῖ</span> <span class='ocrx_word' id='word_1_279' title='bbox 958 3103 1174 3164; x_wconf 88' lang='grc' dir='ltr'>τοιόνδε</span> <span class='ocrx_word' id='word_1_280' title='bbox 1195 3105 1464 3185; x_wconf 83' lang='grc' dir='ltr'>μέγιστος</span> <span class='ocrx_word' id='word_1_281' title='bbox 1480 3106 1679 3186; x_wconf 83' lang='grc' dir='ltr'>γέγονε</span> <span class='ocrx_word' id='word_1_282' title='bbox 1691 3111 1960 3183; x_wconf 75' lang='grc' dir='ltr'>ποταμῶν</span> 
     </span>
     <span class='ocr_line' id='line_1_36' title="bbox 359 3188 1961 3271; baseline 0.002 -21"><span class='ocrx_word' id='word_1_283' title='bbox 359 3193 453 3250; x_wconf 83' lang='grc' dir='ltr'>καὶ</span> <span class='ocrx_word' id='word_1_284' title='bbox 470 3191 661 3252; x_wconf 74' lang='grc' dir='ltr'>ἄλλων</span> <span class='ocrx_word' id='word_1_285' title='bbox 686 3197 743 3256; x_wconf 90' lang='grc' dir='ltr'>ἐς</span> <span class='ocrx_word' id='word_1_286' title='bbox 766 3188 935 3250; x_wconf 76' lang='grc' dir='ltr'>αὗτόν</span> <span class='ocrx_word' id='word_1_287' title='bbox 960 3191 1298 3252; x_wconf 81' lang='grc' dir='ltr'>ἐκδιδόντων·</span> <span class='ocrx_word' id='word_1_288' title='bbox 1341 3191 1454 3250; x_wconf 81' lang='grc' dir='ltr'>εἶσὶ</span> <span class='ocrx_word' id='word_1_289' title='bbox 1477 3192 1538 3250; x_wconf 80' lang='grc' dir='ltr'>δὲ</span> <span class='ocrx_word' id='word_1_290' title='bbox 1562 3193 1678 3251; x_wconf 79' lang='grc' dir='ltr'>οἶδε</span> <span class='ocrx_word' id='word_1_291' title='bbox 1703 3195 1758 3252; x_wconf 81' lang='grc' dir='ltr'>οἱ</span> <span class='ocrx_word' id='word_1_292' title='bbox 1775 3194 1961 3271; x_wconf 79' lang='grc' dir='ltr'>μέγαν</span> 
     </span>
     <span class='ocr_line' id='line_1_37' title="bbox 358 3276 1960 3358; baseline 0.001 -24"><span class='ocrx_word' id='word_1_293' title='bbox 358 3277 531 3338; x_wconf 60' lang='lat' dir='ltr'>‹uh-&lt;311</span> <span class='ocrx_word' id='word_1_294' title='bbox 569 3281 868 3340; x_wconf 77' lang='grc' dir='ltr'>ποιεῦντες·</span> <span class='ocrx_word' id='word_1_295' title='bbox 922 3276 1015 3336; x_wconf 70' lang='grc' dir='ltr'>διὰ</span> <span class='ocrx_word' id='word_1_296' title='bbox 1052 3279 1160 3355; x_wconf 86' lang='grc' dir='ltr'>μέν</span> <span class='ocrx_word' id='word_1_297' title='bbox 1195 3304 1264 3358; x_wconf 83' lang='grc' dir='ltr'>γε</span> <span class='ocrx_word' id='word_1_298' title='bbox 1309 3281 1412 3352; x_wconf 85' lang='grc' dir='ltr'>τῆς</span> <span class='ocrx_word' id='word_1_299' title='bbox 1453 3278 1730 3353; x_wconf 77' lang='grc' dir='ltr'>Σκυθικῆς</span> <span class='ocrx_word' id='word_1_300' title='bbox 1768 3279 1960 3357; x_wconf 77' lang='grc' dir='ltr'>χώρης</span> 
     </span>
    </p>
   </div>
  </div>
 </body>
</html>
