2267 3517
287 123 385 174 224
897 119 1267 171 ἮΡοΔοτοω
1752 117 1883 184 [111.

291 202 435 280 δρῶν
463 204 575 264 τῶν
601 199 834 278 πρώτων
865 199 1209 278 Περίανδρος
1244 199 1278 260 ὅ
1305 200 1577 278 Κυψέλου
1602 203 1660 264 ἐς
1685 199 1889 276 Σάρδις

290 290 587 367 ἀπέπεμψε
625 288 780 365 παρὰ
803 289 1114 349 Ἀλυάττεα
1142 286 1226 347 ἐπ’
1254 293 1481 367 ἐκτομῇ·
1522 288 1889 368 προσχόντων

292 379 352 438 δὲ
377 383 432 440 ἐς
456 378 560 453 τὴν
580 376 774 454 Σάμον
787 382 898 438 τῶν
915 375 1164 459 άγόντων
1177 376 1307 440 τούς
1331 377 1533 441 παῖδας
1558 377 1887 454 Κορινθίων,

291 463 595 541 πυθόμενοι
635 467 690 523 οἱ
730 463 936 540 Σάμιοι
969 462 1070 524 τᾶν
1107 462 1285 544 λόγον
1312 462 1396 523 ἐπ’
1423 463 1542 524 οἶσι
1575 462 1808 545 ἀγοίατο
1834 469 1890 528 ἔς

294 551 510 629 Σάρδις,
537 554 732 629 πρῶτα
765 553 869 628 μὲν
903 551 1034 614 τοῦς
1062 551 1267 615 παῖδας
1302 551 1557 621 ἐδίδαξαν
1592 555 1714 628 ἱροῦ
1745 550 1888 631 ἅψα-

292 641 432 701 σθαι
468 639 810 716 Ἀρτέμιδος,
837 639 982 716 μετὰ
1015 639 1092 710 δὲ,
1121 638 1187 698 οὗ
1218 640 1599 717 περιορέοντες
1624 639 1890 700 ἀπέλκειν

292 728 422 792 τούς
450 729 630 790 ἱκέτας
656 732 718 787 ἐκ
742 731 843 787 τοῦ
871 730 1007 804 ἱροῦ,
1026 727 1219 787 σιτίων
1234 727 1295 786 δὲ
1318 726 1451 790 τούς
1473 726 1676 790 παῖδας
1702 727 1890 808 ἐργόν-

290 841 402 876 των
441 815 766 891 Κορινθίων,
787 814 1132 890 ,ἐποιήσαντο
1164 817 1219 874 οἱ
1255 814 1459 892 Σάμιοι
1488 812 1661 892 ὁρτὴν
1693 818 1766 892 τῇ
1798 813 1891 873 καὶ

295 908 393 964 νῦν
418 904 498 963 ἔτι
522 903 792 981 χρέωνται
818 902 959 962 κατοὶ
981 901 1177 962 ταύτά·
1218 902 1410 966 νυκτός
1434 902 1545 983 γοῖρ
1572 902 1888 984 ἐπιγενομέ-

295 1017 408 1068 νης,
442 990 582 1051 ὅσον
604 989 810 1070 χρόνον
848 990 1089 1050 ἱκέτευον
1116 993 1171 1050 οἱ
1194 991 1387 1055 παῖδες
1416 991 1660 1050 ἵστασαν
1684 990 1891 1070 χοροῦς

294 1081 581 1157 παρθένων
621 1103 684 1139 τε
727 1078 820 1138 καὶ
859 1077 1074 1154 ἠϊθέων,
1117 1078 1372 1143 ἱστάντες
1409 1078 1487 1149 δὲ,
1519 1078 1650 1143 τοῦς
1686 1075 1892 1157 χοροῦς

289 1167 506 1245 τρωκτά
547 1166 814 1243 σησάμου
852 1192 917 1227 τε
957 1168 1050 1227 καὶ
1087 1167 1319 1245 μέλιτος
1351 1165 1691 1243 ἐποιήσαντο
1716 1166 1891 1242 νόμον

293 1256 585 1334 φέρεσθαι,
614 1256 704 1315 ἵνα
735 1254 1072 1333 ἁρπάζοντες
1097 1258 1155 1314 οἱ
1177 1258 1288 1316 τῶν
1312 1254 1669 1332 Κερκυραίων
1696 1254 1891 1318 παῖδες

293 1345 473 1422 ἔχοιεν
510 1342 749 1420 τροφήν.
833 1347 890 1405 ἐς
926 1346 1094 1402 τοῦτο
1134 1341 1197 1402 δὲ
1233 1342 1363 1403 τόδε
1403 1343 1631 1425 ἐγίνετο,
1665 1346 1721 1406 ἔς
1760 1341 1795 1402 ὃ
1836 1343 1891 1402 οἱ

295 1431 602 1507 Κορίνθιοι,
633 1434 746 1490 τῶν
785 1429 999 1490 παίδων
1037 1433 1094 1489 οἱ
1132 1430 1399 1506 φύλακοι,
1434 1432 1658 1510 οἴχοντο
1691 1428 1888 1490 οἷπολι-

293 1517 508 1588 πόντες,
548 1516 680 1580 τούς
725 1517 786 1576 δὲ
822 1517 1025 1580 παῖδας
1065 1516 1363 1600 ἀπήγαγον
1402 1522 1459 1582 ἐς
1504 1519 1797 1595 Κέρκυραν
1836 1516 1891 1578 οἱ

199 1608 275 1666 49
297 1604 519 1681 Σάμιοι.
573 1608 649 1663 Εἰ
671 1605 777 1682 μέν
795 1629 894 1666 νυν
918 1603 1266 1684 Περιάνδρου
1281 1605 1719 1682 τελευτήσαντος
1737 1609 1892 1665 τοῖσι

297 1693 649 1770 Κορινθίοισι
675 1693 822 1770 φθια
844 1691 917 1769 ἦν
939 1693 1081 1770 πρός
1097 1693 1228 1758 τούς
1246 1695 1637 1772 Κερκυραίους,
1656 1693 1771 1753 οἵδε
1790 1691 1891 1753 οὔκ

296 1778 365 1840 ἂν
403 1779 792 1857 συνελάβοντο
829 1785 931 1842 τοῦ
971 1781 1389 1859 στρατεύματος
1425 1785 1525 1842 τοῦ
1565 1782 1659 1841 ἐπὶ
1698 1781 1892 1858 Σάμον

294 1867 498 1944 ταύτης
529 1869 730 1929 εἵνεκεν
763 1872 865 1944 τῆς
897 1869 1095 1944 αἰτίης·
1136 1873 1235 1931 νῦν
1268 1870 1330 1930 δὲ
1360 1869 1483 1941 αἰεὶ,
1512 1870 1638 1929 ἐπεί
1664 1894 1729 1929 τε
1754 1869 1889 1929 ἔκτι-

295 1981 408 2017 σαν
429 1954 534 2033 τήν
558 1960 750 2033 νῆσον,
779 1957 890 2018 εἶσὶ
913 1957 1230 2033 ἀλλήλοισι
1268 1956 1529 2034 διάφοροι
1560 1956 1740 2020 ἐόντες
1765 1960 1893 2018 ἑωυ-

297 2048 452 2105 τοῖσι
490 2044 700 2106 τούτων
721 2044 812 2110 ,ὧν
844 2046 1046 2106 εἵνεκεν
1085 2044 1568 2122 οἶπεμνησικάκεον
1596 2048 1751 2105 τοῖσι
1782 2047 1890 2110 Σα-

295 2133 480 2210 μίοισι
522 2136 577 2192 οἱ
623 2134 933 2210 Κορίνθιοι.
1011 2131 1308 2211 ἀπέπεμπε
1354 2133 1415 2192 δὲ
1461 2137 1519 2197 ἐς
1560 2130 1761 2209 Σάρδις
1805 2131 1891 2192 ἐπ’

297 2223 504 2299 ἐκτομῇ
548 2221 892 2297 Περίανδρος
933 2221 1044 2280 τῶν
1087 2221 1319 2296 πρώτων
1368 2220 1725 2298 Κερκυραίων
1776 2225 1891 2282 ε’πι·

296 2307 463 2376 λέξας
500 2307 630 2370 τούς
667 2307 885 2377 παῖδας,
924 2307 1344 2384 τιμωρεύμενος·
1390 2307 1653 2384 πρότεροι
1689 2306 1801 2389 γὰρ
1836 2311 1892 2369 οἱ

298 2397 633 2471 Κερκυραῖοι
657 2392 834 2470 ἦρξαν
860 2399 915 2457 ἐς
941 2393 1110 2454 αὐτὸν
1128 2398 1365 2474 πρῆγμα
1390 2393 1721 2456 ἀτάσθαλον
1733 2394 1890 2473 ποιή-

200 2484 279 2542 50
298 2505 516 2543 σαντες.
581 2479 746 2539 Ἐπεί
763 2506 826 2539 τε
849 2480 961 2562 γάρ
980 2479 1085 2556 τὴν
1105 2484 1306 2541 ἔωυτοῦ
1328 2486 1564 2563 γυναῖκα
1583 2483 1895 2544 Μέλισσαν

299 2567 640 2645 Περίανδρος
679 2567 979 2638 ἀπέκτεινε,
1013 2568 1320 2646 συμφορὴν
1356 2568 1575 2644 τοιήνδε
1615 2573 1670 2630 οἱ
1708 2570 1894 2647 ἄλλην

299 2657 518 2731 συνέβη
541 2655 684 2733 πρὸς
711 2660 784 2734 τῇ
808 2655 1070 2737 γεγονυίῃ
1107 2656 1394 2736 γενέσθαι·
1432 2654 1583 2733 ἦσάν
1608 2660 1662 2716 οἱ
1688 2662 1751 2717 ἐκ
1776 2663 1892 2717 Με-

299 2742 512 2818 λίσσης
549 2743 646 2803 δύο
680 2743 888 2814 παῖδες,
913 2742 1139 2819 ἡλικίην
1171 2741 1206 2804 ὅ
1236 2747 1341 2821 μὲν
1378 2745 1741 2805 ἑπτακαίδεκα
1774 2744 1808 2806 ὅ
1833 2745 1895 2806 δὲ

299 2829 666 2891 ὀκτωκαίδεκα
713 2831 837 2890 ἔτεα
875 2830 1139 2912 γεγονώς·
1188 2831 1417 2895 τούτους
1454 2831 1487 2892 ὅ
1521 2831 1895 2910 μητροπάτωρ

301 2921 570 2995 Προκλῆς
604 2918 707 2980 ἕῶν
735 2916 1070 2996 Ἐπιδαύρου
1102 2916 1368 2997 τύραννος
1392 2919 1897 2998 μεταπεμψάμενος

300 3003 431 3083 παρ’
473 3006 671 3067 ἑωυτὸν
712 3007 1169 3083 ἐφιλοφρονέετο,
1212 3005 1283 3070 ὦς
1323 3005 1467 3070 εἲκός
1508 3006 1582 3082 ἦν
1622 3007 1898 3089 θυγατρός

302 3092 492 3156 ἐόντας
515 3098 616 3170 τῆς
642 3096 843 3152 ἑωυτοῦ
867 3091 1087 3156 παῖδας·
1130 3094 1256 3153 ε’πεί
1274 3118 1338 3153 τε
1364 3094 1427 3153 δέ
1450 3100 1635 3171 σφεας
1650 3093 1898 3172 ἀπεπέμ-

301 3202 456 3252 πετο,
486 3179 608 3240 εἶπε
630 3180 976 3256 προπέμπων
1003 3179 1220 3243 αὐτούς·
1261 3191 1299 3217 “
1313 3179 1425 3258 ἆρα
1448 3181 1591 3251 ἴστε,
1619 3179 1663 3240 ὦ
1686 3182 1897 3252 παῖδες,

309 3261 366 3326 ‘³5
401 3264 583 3341 ὑμέων
615 3267 722 3342 τὴν
751 3266 966 3343 μητέρα
994 3264 1281 3352 οἷπέκτεινε
1296 3267 1346 3338 ;”
1386 3271 1555 3330 τοῦτο
1591 3267 1661 3330 τὰ
1700 3269 1834 3334 ἔπος
1860 3266 1896 3331 ὅ
