2267 3517
293 140 362 191 20
915 140 1284 191 ἮΡοΔοτοτ
1818 139 1890 205 [1.

295 222 398 299 μὲν
414 220 708 283 Ἐπίστιον
726 222 957 294 καλέων,
977 221 1120 283 διότι
1146 221 1215 299 δή
1242 221 1469 281 οἰκίοισι
1491 219 1897 298 ὖποδεξάμενος

291 307 394 369 τόν
424 308 604 379 ξεῖνον
639 311 818 387 φονέα
847 314 951 371 τοῦ
979 310 1179 375 παιδδς
1210 308 1477 371 ἐλάνθανε
1505 308 1757 385 βόσκων·
1794 309 1897 369 τᾶν

295 395 358 456 δὲ
379 394 707 475 Ἑταιρήῖον,
738 396 811 461 ὥς
841 397 1071 475 φύλακα
1102 397 1447 476 συμπέμψας
1476 395 1644 457 αὐτὸν
1675 396 1896 474 εὑρήκοι

197 485 275 544 45
291 484 754 567 πολεμιώτατον.)
837 490 1121 564 Παρῆσαν
1161 486 1223 545 δὲ
1258 484 1401 563 μετὰ
1432 488 1601 545 τοῦτο
1635 487 1691 543 οἶ
1720 485 1897 545 Λυδοὶ

295 572 559 649 φέροντες
591 571 691 634 rav
719 572 932 651 νεκρόν·
971 573 1178 634 ὄπισθε
1212 573 1273 633 δὲ
1304 571 1489 633 εἵπετό
1520 575 1575 631 οἶ
1610 571 1643 632 ὅ
1675 573 1893 648 φονεύς·

293 658 436 724 στὰς
486 660 547 721 δὲ
596 657 759 724 οὗτος
806 686 919 739 προ
961 665 1065 723 τοῦ
1104 665 1316 740 νεκροῦ,
1362 660 1656 739 παρεδίδου
1698 660 1899 723 ἐωυτόν

293 749 527 828 Κροίσῳ
565 750 866 827 προτείνων
906 747 1010 813 τὰς
1053 752 1260 831 χεῖρας,
1302 748 1755 827 ἐπικατασφάξαι
1796 774 1896 827 μιν

292 834 532 895 κελεύων
567 840 647 916 τῷ
683 840 869 916 νεκρῷ,
911 837 1093 919 λέγων
1128 863 1235 913 την
1273 862 1337 897 τε
1373 837 1650 915 προτέρην
1695 840 1895 896 ἔωσι-οῦ

291 923 613 1001 συμφορὴν,
642 924 736 982 καὶ
773 922 844 987 ὥς
875 922 960 983 ἐπ
985 925 1163 1004 ἐκείνῃ
1193 923 1292 985 τόν
1324 923 1642 1003 καθήραντα
1674 922 1895 985 απολω-

292 1011 469 1075 λεκῶς
493 1012 596 1088 εἴη·
631 1010 761 1072 οὐδέ
777 1015 831 1071 οἶ
859 1012 944 1089 εἴη
968 1010 1271 1089 βιώσιμον.
1335 1016 1587 1089 Κροῖσος
1605 1012 1666 1072 δὲ
1688 1010 1895 1073 τούτων

289 1094 549 1169 ἀκούσας,
580 1098 680 1160 τόν
715 1125 780 1159 τε
809 1098 1130 1177 Ἀδρηστον
1166 1101 1525 1178 κατοικτείρει
1564 1101 1759 1179 καίπερ
1792 1100 1893 1161 ε’ὢν

291 1188 352 1244 ἐν
375 1191 522 1267 κακῷ
541 1188 727 1267 οἶκηΐῳ
748 1186 1017 1267 τοσούτῳ,
1040 1187 1133 1246 καὶ
1158 1187 1314 1269 λέγει
1335 1213 1478 1265 προς
1502 1185 1688 1249 αὖτόν·
1724 1188 1889 1267 “ἔχω,

290 1270 335 1331 ὦ
365 1273 524 1344 ξεῖνε,
548 1275 705 1352 παραὶ
735 1278 840 1335 σεῦ
870 1278 1066 1335 πᾶσαν
1095 1300 1202 1351 την
1232 1275 1405 1351 δίκην,
1434 1274 1620 1351 ἐπειδή
1647 1277 1892 1336 σεωυτοῦ

289 1361 664 1433 καταδικάζεις
704 1361 961 1422 θάνατον·
1004 1362 1082 1425 εἷς
1127 1362 1189 1421 δὲ
1235 1388 1300 1422 ου
1340 1362 1417 1423 σύ
1453 1388 1555 1441 μοι
1592 1364 1754 1423 τοῦδε
1790 1368 1893 1424 τοῦ

291 1451 464 1507 κακοῦ
488 1449 678 1519 αἴτιος,
701 1452 751 1508 εἰ
771 1448 852 1525 μή
873 1447 1014 1509 ὅσον
1033 1448 1209 1510 οἷέκων
1235 1449 1559 1532 ἐξεργάσαο,
1578 1449 1733 1510 α’λλα
1752 1452 1892 1512 θεῶν

291 1560 392 1595 κου
413 1560 500 1600 τις
529 1536 592 1600 ὅς
619 1562 720 1615 μοι
753 1538 846 1595 καὶ
875 1535 1057 1597 πάλαι
1089 1536 1473 1614 προεσήμαινε
1502 1563 1576 1597 τα
1603 1538 1890 1613 μέλλοντα

289 1622 573 1685 ἔσεσθαιῗ
653 1626 908 1702 Κροῖσος
936 1624 1042 1703 μέν
1071 1650 1169 1685 νυν
1202 1625 1375 1703 ἔθαψε
1410 1651 1483 1689 ως
1515 1651 1664 1689 οικος
1696 1623 1768 1701 ἦν
1788 1651 1891 1687 τον

289 1714 490 1772 ἑωυτοῦ
520 1712 705 1773 παῖδα.
779 1710 1100 1790 ’Άδρηστος
1129 1713 1191 1773 δὲ
1227 1712 1260 1774 ὁ
1292 1713 1531 1791 Γορδίεω
1555 1718 1656 1773 τοῦ
1682 1714 1887 1784 Μίδεω,

288 1796 450 1863 οὗτος
469 1798 538 1876 δή
561 1799 594 1860 ὅ
614 1798 816 1878 φονεῦς
836 1802 941 1877 μὲν
957 1804 1060 1861 τοῦ
1080 1804 1281 1861 ἑωυτοῦ
1299 1799 1579 1877 ἀδελφεοῦ
1596 1801 1891 1884 γενόμενος

289 1886 491 1962 φονεῦς
529 1888 591 1947 δὲ
625 1892 728 1948 τοῦ
769 1887 1124 1967 καθήραντος.
1159 1889 1285 1950 ἐπεί
1314 1914 1381 1949 τε
1410 1888 1623 1967 ἡσυχίη
1654 1893 1765 1948 τῶν
1797 1887 1890 1950 α’ν-

288 1973 520 2053 θρῶπων
545 1977 761 2057 ἐγένετο
791 1977 920 2052 περὶ
948 1976 1016 2038 τό
1049 1980 1227 2053 σῆμα,
1255 1973 1773 2058 συγγινωσκόμενος
1796 1976 1885 2037 οἷν-

287 2062 518 2141 θρῶπων
558 2064 697 2125 εἶναι
732 2068 843 2125 τῶν
883 2063 1048 2129 αὗτός
1086 2062 1235 2142 ἤειδε
1274 2062 1883 2143 βαρυσυμφορώτατος,

287 2151 486 2212 ἐωυτὸν
521 2151 960 2229 ἐπικατασφάζει
993 2156 1072 2232 τῷ
1103 2152 1323 2232 τύμβῳ.
1406 2153 1657 2228 Κροῖσος
1694 2152 1757 2212 δὲ
1796 2154 1888 2213 ἐπὶ
1962 2218 1969 2225 ‚

286 2236 386 2297 δύο
431 2240 555 2297 ἔτεα
605 2245 664 2299 ἐν
714 2241 906 2301 πένθεῖ
953 2239 1184 2321 μεγάλῳ
1231 2241 1501 2317 καθῆστο,
1546 2243 1649 2300 τοῦ
1691 2240 1889 2305 παιδὸς

287 2325 667 2401 ἐστερημένος·
717 2325 862 2401 μετὰ
898 2326 975 2396 δὲ,
1005 2325 1046 2401 ἤ
1083 2325 1407 2409 Ἀστυιίγεω
1442 2331 1544 2387 τοῦ
1585 2327 1887 2406 Κυαξάρεω

284 2410 554 2493 η’γεμονίη
591 2413 981 2489 καταιρεθεῖσα
1016 2411 1128 2471 ὖπδ
1166 2412 1358 2490 Κύρου
1394 2418 1497 2474 τοῦ
1537 2415 1884 2491 Καμβύσεω,

289 2500 380 2558 καὶ
402 2498 476 2559 τοὶ
504 2503 616 2559 τῶν
641 2498 910 2576 Περσέων
930 2497 1240 2580 πρήγματα
1268 2498 1630 2576 αὐξανόμενα,
1658 2503 1888 2568 πένθεος

283 2588 388 2663 μὲν
420 2589 678 2663 Κροῖσον
709 2584 1020 2647 ἀπέπαυσε·
1063 2587 1305 2663 ἐνέβησε
1338 2587 1400 2646 δὲ
1434 2592 1490 2650 ἐς
1525 2590 1809 2663 φροντίδα,
1838 2592 1891 2650 εἶ

287 2699 392 2738 κως
427 2672 664 2746 δυναιτο,
694 2674 830 2753 πρὶν
860 2673 1145 2755 μεγαλους
1175 2674 1441 2757 γενέσθαι
1472 2699 1603 2737 τους
1638 2675 1885 2752 Πέρσας,

289 2763 633 2839 καταλαβεῖν
656 2760 837 2823 αὗτων
860 2759 1235 2840 αυξανομένην
1257 2786 1363 2838 την
1387 2760 1635 2840 δύναμιν.

190 2852 268 2910 46
367 2848 533 2910 Μετὰ
569 2848 643 2910 ὧν
673 2847 814 2957 ‘fvij
805 2847 1050 2911 διάνοιαν
1076 2850 1283 2927 ταύτην
1316 2849 1513 2910 αὐτίκα
1548 2848 1886 2927 απεπειρᾶτο

284 2962 397 2999 των
418 2937 711 3014 pamniam,
735 2941 850 2998 τῶν
870 2961 935 2997 τε
963 2941 1024 2999 ἐν
1047 2936 1305 3015 Ἕλλησι
1332 2938 1425 2997 καὶ
1453 2940 1555 2998 τοῦ
1586 2943 1645 2998 ἐν
1674 2938 1883 3017 Λιβύῃ,

287 3025 603 3103 διαπέμψας
632 3023 842 3089 ἄλλους
871 3022 1041 3104 ἄλλῃ,
1068 3025 1199 3089 τοῦς
1224 3028 1329 3103 μὲν
1361 3031 1416 3089 ἐς
1451 3024 1717 3102 Δελφοῧς
1750 3026 1886 3085 ἰέναι

284 3112 416 3177 τούς
439 3112 504 3172 δὲ
526 3118 582 3176 ἐς
593 3110 785 3189 Ἀβας
807 3112 908 3176 τὰς
931 3114 1163 3173 Φωκέων
1186 3113 1317 3177 τοῦς
1340 3113 1401 3172 δὲ
1426 3119 1481 3177 ἐς
1507 3112 1797 3188 Δωδώνην·
1832 3114 1887 3169 οἶ

287 3198 352 3259 δέ
381 3196 528 3264 τινες
558 3201 872 3277 ἐπέμποντο
911 3200 1065 3277 παρά
1101 3226 1167 3261 τε
1201 3199 1561 3279 Ἀμφιάρεων
1600 3198 1695 3259 καὶ
1732 3196 1887 3273 παρὰ

285 3287 623 3365 Τροφώνιον,
645 3290 700 3349 οἶ
717 3287 778 3349 δὲ
799 3291 902 3365 τῆς
919 3289 1213 3367 Μιλησίης
1233 3292 1289 3353 ἐς
1313 3288 1650 3382 Βραγχιδας.
1710 3287 1887 3344 ταῦτα

197 3439 258 3491 ι
