2267 3517
346 137 445 187 ³⁰0
963 139 1332 190 ἫΡοΔοτοτ
1637 123 1654 144 ’
1799 138 1947 210 ,[Ιν.

342 217 449 294 μὲν
469 216 740 296 χειμῶνός
764 223 890 280 ἐστι
914 217 1173 296 ὅσοσπέρ
1200 223 1341 289 ἐστι,
1355 216 1536 300 ὀλίγῳ
1560 243 1624 280 τε
1647 217 1828 295 μέζων
1851 222 1954 295 τῆς

346 307 547 366 ε’ωυτοῦ
585 304 791 382 φύσιος
827 307 1058 388 γίνεται·
1110 305 1266 367 ὕεται
1304 305 1416 387 γὰρ
1454 305 1494 382 ἦ
1532 310 1610 387 γῆ
1657 305 1798 383 αὕτη
1849 310 1953 368 τοῦ

345 396 615 472 χειμῶνος
651 393 889 471 πάμπαν
923 393 1117 475 ὀλίγῳ,
1150 398 1358 472 νιφετῷ
1393 395 1453 454 δὲ
1489 394 1674 454 πάντα
1709 396 1952 474 χρέεται·

346 483 449 540 τοῦ
491 479 553 540 δὲ
593 480 781 558 θέρεος
819 481 857 557 ἦ
900 481 1039 562 χιῶν
1078 482 1119 558 ἦ
1162 487 1222 543 ἐν
1263 485 1344 560 τῷ
1393 487 1626 562 χειμῶνι
1671 486 1950 556 πεσοῦσα,

349 569 522 627 ἐοῦσα
546 566 908 646 ἀμφιλαφής,
933 571 1212 648 τηκομένη
1239 569 1513 630 πάντοθεν
1540 570 1755 630 ἐσδιδοῖ
1776 576 1832 634 ἐς
1852 570 1957 632 τόν

339 652 588 732 Ἴστρον·
628 655 768 732 αὕτη
791 682 855 717 τε
878 657 949 734 δὴ
974 657 1015 733 ἦ
1037 657 1179 737 χιών
1203 657 1509 719 ἐσδιδοῦσα
1535 663 1591 722 ἐς
1615 657 1788 719 αὐτὸν
1811 685 1955 737 συμ-

348 741 605 819 πληθύει,
627 745 721 803 καὶ
744 742 956 823 ὄμβροι
978 747 1196 806 πολλοί
1215 771 1279 806 τε
1300 747 1398 804 ’καὶ
1422 744 1638 824 λάβροι
1664 745 1774 806 σῦν
1790 746 1954 826 αὐτῇ·

347 829 433 890 ὕει
453 830 564 912 γὰρ
590 831 659 908 δή
686 831 753 892 τό
779 833 957 910 θέρος·
996 833 1115 912 ὅσῳ
1141 833 1202 894 δὲ
1225 834 1404 894 πλέον
1430 833 1514 893 ἐπ’
1533 834 1733 895 ἐωυτόν
1755 833 1901 911 ὕδωρ
1921 833 1955 894 ὁ

348 917 509 995 ἥλιος
530 921 824 982 ἐπέλκεται
849 924 999 1000 ἐντῷ
1024 921 1174 1000 θέρεϊ
1196 920 1235 997 ἢ
1261 926 1321 982 ἐν
1333 926 1413 1000 τῷ
1428 927 1677 1001 χειμῶνι,
1702 921 1956 1002 τοσούτῳ

351 1007 423 1067 τσῖ
451 1008 889 1090 συμμισγόμενα
911 1013 991 1089 τῷ
1015 1007 1225 1088 Ἴστρῳ
1249 1009 1670 1070 πολλαπλάσιά
1699 1015 1824 1071 ἐστι
1851 1015 1956 1070 τοῦ

352 1096 541 1174 θέρεος
553 1095 697 1174 ἤπερ
715 1101 815 1158 τοῦ
829 1100 1119 1177 χειμῶνος·
1146 1095 1530 1174 ἐπιτιθέμενα
1543 1097 1794 1158 δὲταῦτα
1810 1097 1954 1161 α’ντι·

354 1183 605 1260 σήκωσις
625 1186 853 1266 γίνεται,
871 1184 1016 1264 ὥστε
1040 1185 1171 1245 ἴσον
1194 1210 1293 1261 μιν
1316 1186 1424 1245 αἰεὶ
1451 1186 1756 1261 φαίνεσθαι
1774 1185 1954 1247 ἐόντα.

256 1273 331 1332 51
438 1273 541 1336 Εἷς
573 1275 679 1350 μὲν
712 1273 781 1349 δὴ
815 1276 926 1333 τῶν
955 1276 1224 1350 ποταμῶν
1261 1276 1416 1333 τοῖσι
1458 1273 1717 1352 Σκύθῃσί
1753 1279 1878 1334 ἐστι
1921 1273 1956 1334 ὅ

342 1358 591 1438 Ἴστρος·
630 1361 775 1438 μετὰ
810 1361 872 1420 δὲ
901 1365 1115 1432 τοῦτον,
1153 1360 1352 1437 Τύρης·
1393 1359 1456 1424 ὃς
1486 1359 1601 1420 οἷπό
1635 1362 1824 1439 βορέω
1850 1363 1957 1439 μὲν

352 1444 561 1525 α’νέμου
587 1446 845 1525 ὁρμᾶται,
866 1448 1098 1528 ἄρχεται
1123 1448 1186 1508 δὲ
1209 1449 1347 1525 ῥέων
1374 1453 1435 1508 ἐκ
1460 1449 1662 1527 λίμνης
1685 1449 1952 1530 μεγάλης,

352 1533 393 1610 ἦ
412 1533 615 1611 οὐρίζει
639 1534 742 1611 τήν
765 1561 829 1596 τε
866 1536 1146 1612 Σκυθικήν
1173 1537 1266 1595 καὶ
1290 1536 1396 1612 την
1421 1537 1667 1614 Νευρίδα
1691 1541 1822 1618 γῆν·
1862 1539 1956 1597 ἐπὶ
1977 1613 1982 1620 Ι
2029 1568 2035 1576 ·

354 1622 415 1682 δὲ
444 1625 523 1702 τῷ
551 1622 793 1699 στόματι
830 1623 1001 1683 αὐτοῦ
1027 1626 1381 1700 κατοίκηνται
1395 1623 1690 1701 Ἕλληνες,
1717 1626 1772 1684 οἳ
1795 1629 1954 1702 Τυρῖ-

258 1711 337 1771 52
353 1735 447 1772 ται
478 1711 790 1771 καλέονται.
873 1712 1070 1788 Τρίτος
1093 1711 1157 1771 δὲ
1179 1711 1416 1776 ’Υπανις
1437 1712 1692 1791 ποταμός
1715 1713 1955 1791 ὁρμᾶται

351 1799 458 1877 μὲν
484 1803 547 1858 ἐκ
568 1802 670 1875 τῆς
696 1799 986 1875 Σκυθικῆς,
1013 1798 1126 1877 ῥέει
1153 1799 1214 1860 δὲ
1239 1803 1300 1859 ἐκ
1327 1799 1530 1877 λίμνης
1549 1800 1822 1881 μεγάλης,
1847 1800 1955 1877 τήν

345 1887 519 1965 πέριξ
550 1888 809 1965 νέμονται
850 1888 1013 1949 ἵπποι
1051 1886 1238 1968 ἄγριοι
1275 1889 1485 1948 λευκοί·
1541 1889 1801 1950 καλέεται
1834 1888 1881 1948 δ’
1907 1889 1954 1966 ἦ

350 1977 526 2054 λίμνη
566 1974 707 2053 αὕτη
752 1975 929 2054 ὀρθῶς
970 1975 1160 2054 μήτηρ
1203 1975 1483 2040 Ὑπάνιος·
1538 1981 1599 2035 ἐκ
1641 1976 1844 2054 ταύτης
1879 1976 1955 2037 ὦν

352 2063 675 2126 ἀνατέλλων
718 2064 751 2126 ὅ
781 2063 1017 2128 ’Υπανις
1061 2063 1330 2141 ποταμός,
1368 2064 1481 2140 ῥέει
1521 2064 1616 2124 ἐπὶ
1653 2067 1758 2140 μὲν
1790 2064 1955 2125 πέντε

351 2151 599 2231 ἡμερέων
615 2152 799 2215 πλόον
823 2152 1047 2232 βραχῦς
1070 2152 1162 2217 καὶ
1186 2150 1396 2232 γλυκῦς
1415 2153 1511 2222 ἔτι,
1528 2151 1640 2212 α’,πό
1659 2152 1719 2211 δὲ
1736 2151 1949 2226 τούτου,

350 2239 495 2318 πρός
521 2240 823 2316 θαλάσσης
844 2240 1129 2318 τεσσέρων
1154 2239 1402 2317 ἡμερέων
1426 2239 1624 2310 πλόον,
1651 2240 1849 2317 πικρὸς
1873 2245 1954 2300 αἶ-

353 2331 475 2391 νῶς·
517 2327 724 2387 ἐκδιδοῖ
750 2326 861 2408 γσῖρ
900 2331 957 2391 ἐς
992 2327 1164 2389 αὖτόν
1207 2327 1379 2406 κρήνη
1410 2327 1600 2404 πικρὴ,
1629 2327 1769 2388 οὕτω
1805 2328 1876 2404 δή
1897 2355 1956 2389 τι

353 2417 529 2475 ἐοῦσα
568 2415 755 2493 πικρή,
796 2413 836 2491 ἢ
880 2415 1113 2496 μεγάθεϊ
1160 2415 1374 2492 σμικρὴ
1422 2419 1612 2486 ἐοῦσα,
1658 2420 1818 2496 κιρνᾷ
1855 2417 1956 2479 τὸν

342 2500 583 2562 ’Υπανιν
609 2501 772 2562 ἐόντα
800 2502 1057 2578 ποταμὸν
1082 2507 1142 2562 ἐν
1167 2502 1420 2583 ὀλίγοισι
1441 2504 1640 2583 μέγαν·
1682 2506 1806 2564 ἔστι
1830 2503 1890 2564 δὲ
1914 2503 1955 2580 ἤ

356 2587 531 2667 κρήνη
562 2587 701 2668 αὕτη
734 2593 793 2648 ἐν
824 2587 1043 2666 οὔροισι
1081 2588 1267 2667 χώρης
1291 2592 1392 2664 τῆς
1416 2614 1478 2648 τε
1505 2588 1788 2667 ἀροτήρων
1814 2590 1955 2654 Σκυ-

350 2678 490 2739 θέων
521 2677 615 2736 καὶ
642 2675 988 2748 Ἀλαζώνων·
1032 2674 1244 2754 οὕνομα
1275 2675 1334 2736 δὲ
1367 2681 1439 2755 τῇ
1473 2677 1662 2758 κρήνῃ,
1697 2678 1790 2738 καὶ
1825 2677 1957 2739 ὅθεν

348 2764 463 2843 ῥέει
486 2769 565 2844 τῷ
587 2762 767 2845 χώρῳ,
794 2764 1065 2830 Σκυθιστὶ
1088 2766 1194 2842 μὲν
1217 2763 1578 2841 Ἐξαμπαῖος,
1599 2765 1743 2827 κατὰ
1767 2766 1827 2826 δὲ
1851 2765 1958 2842 τήν

347 2851 638 2929 Ἑλλήνων
655 2857 935 2936 γλῶσσαν
959 2851 1101 2929 Ἱραὶ
1126 2851 1268 2912 ὁδοί·
1310 2851 1624 2932 συνάγουσι
1649 2853 1712 2912 δὲ
1731 2852 1807 2914 τά
1829 2853 1954 2930 τέρ-

346 2967 501 3020 ματα
534 2941 567 3002 ὅ
597 2967 659 3003 τε
694 2940 874 3020 Τύρης
907 2940 999 2999 καὶ
1034 2940 1067 3000 ὁ
1094 2939 1333 3003 ’Υπανις
1359 2939 1502 3000 κατοὶ
1525 2939 1858 3012 Ἀλάζωνας,
1885 2941 1954 3002 vd

350 3030 411 3090 δὲ
436 3029 549 3091 οἷπὸ
574 3029 789 3100 τούτου,
816 3027 1183 3106 ἀποστρέψας
1209 3026 1463 3105 ἑκάτερος
1487 3028 1599 3104 ῥέει
1627 3028 1861 3106 εὐρύνων
1886 3028 1954 3091 τό

344 3119 546 3186 μέσον.

254 3205 334 3262 53
413 3206 687 3282 Τέταρτος
716 3205 779 3264 δὲ
813 3201 1171 3280 Βορυσθένης
1205 3199 1476 3277 ποταμός·
1517 3201 1580 3264 ὅς
1607 3206 1729 3262 ἐστι
1753 3203 1954 3283 μέγισ-

348 3290 445 3354 τός
483 3317 546 3352 τε
585 3290 729 3368 μετὰ
773 3289 1003 3367 Ἴστρον
1044 3286 1272 3358 τούτων,
1321 3287 1414 3346 καὶ
1459 3291 1957 3363 πολυαρκέστατος
