2267 3517
291 81 355 128 52
910 77 1275 127 ἩΡοΔοΤοΤ
1816 72 1889 139 [1.

289 158 470 229 ζοντα,
490 161 690 225 τοῦτον
709 156 848 220 ὅκως
866 156 1313 235 μεταπέμψαιτο,
1334 153 1453 215 κατ’.
1474 152 1635 230 ἀξίην
1656 152 1895 213 ἑκάστου

291 244 630 321 ἀδικήματος
659 244 910 303 ἐδικαίευ·
943 243 1040 302 καί
1063 246 1116 302 οῖ
1144 241 1501 302 κατάσκοποί
1521 266 1583 300 τε
1610 241 1703 299 καὶ
1729 239 1895 317 κατή·

293 357 412 391 κοοι
437 331 586 409 ἦσαν
615 331 720 391 σῖνοὶ
745 335 937 392 πᾶσαν
963 330 1066 407 τήν
1093 330 1281 410 χώρην
1304 334 1407 406 τῆς
1430 328 1588 408 ἦρχε.

203 423 310 480 101
375 418 620 495 Δηῖόκης
659 420 764 497 μέν
805 445 902 480 νυν
940 418 1008 479 τὸ
1052 416 1308 495 Μηδικόν
1352 418 1505 491 ἔθνος
1550 417 1897 495 συνέστρεψε

292 511 514 584 μοῦνον,
558 506 650 566 καὶ
689 505 888 567 τούτου
931 504 1086 584 ἦρξε.
1172 506 1294 565 ἔστι
1337 504 1398 565 δὲ
1443 504 1653 580 Μήδων
1690 504 1897 565 τοσάδε

292 596 474 676 γένεα·
502 594 737 665 Βουσαὶ,
754 592 1169 672 Παρητακηνοὶ,
1187 591 1549 671 Στρούχατες,
1566 591 1895 669 Ἀριζαντοὶ,

295 681 534 753 Βούδιοι,
563 680 770 763 Μάγοι.
796 724 801 728 '
854 683 1020 763 γένεα
1043 684 1149 759 μὲν
1183 680 1251 757 δή
1280 681 1491 757 Μήδων
1523 680 1647 739 ἐστὶ
1670 678 1895 740 τοσάδε.

203 772 317 828 102
339 769 587 845 Δηῖόκεω
621 770 680 829 δὲ
704 773 838 834 παῖς
859 770 1072 852 γίνεται
1103 767 1409 846 Φραόρτης,
1437 768 1500 832 ὃς
1531 767 1899 843 τελευτήσαν·

294 884 390 920 τος
407 856 654 933 Δηϊόκεω
672 856 1128 933 βασιλεύσαντος
1145 857 1275 934 τρία
1290 856 1384 916 καὶ
1401 855 1741 931 πεντήκοντα
1758 856 1897 924 ἔτεα,

295 945 634 1022 παρεδέξατο
668 943 771 1021 τήν
806 944 1005 1025 ἀρχήν·
1045 943 1492 1024 παραδεξάμενος
1522 943 1599 1013 δὲ,
1638 942 1737 1003 οῦκ
1766 942 1900 1003 οἷπε-

293 1034 489 1112 χρέετο
528 1032 746 1110 μούνων
790 1032 981 1113 ἄρχειν
1021 1037 1132 1115 τῶν
1172 1032 1401 1109 Μήδων·
1450 1030 1607 1091 αἶλλσῖ
1636 1057 1900 1108 στρατευ-

295 1147 538 1198 σαμενος
565 1122 656 1181 ε’πὶ
681 1121 811 1187 τούς
838 1122 1086 1199 Πέρσας,
1112 1120 1393 1199 πρώτοισί
1411 1146 1477 1181 τε
1501 1118 1753 1179 τούτοισι
1778 1124 1899 1179 ε’πε-

298 1208 506 1285 θήκατο
533 1210 628 1270 καὶ
651 1210 913 1288 ’πρώτους
945 1208 1157 1285 Μήδων
1178 1207 1458 1285 ὑπηκόους
1484 1208 1733 1283 ἐποίησε·
1758 1206 1901 1285 μετὰ

296 1296 372 1367 δὲ,
418 1297 555 1375 ἔχων
610 1297 707 1357 δύο
754 1301 930 1357 ταῦτα
983 1298 1141 1357 ἔθνεα
1193 1296 1287 1356 καὶ
1338 1293 1632 1374 ἀμφότερα
1678 1294 1900 1375 ἰσχυροὶ,

299 1385 710 1462 κατεστρέφετο
748 1383 853 1460 τήν
889 1384 1092 1461 Ἀσίην
1132 1382 1227 1443 ἀπ’
1269 1382 1452 1443 ἄλλου
1491 1382 1576 1441 ἐπ’
1618 1382 1767 1443 ἄλλο
1808 1382 1903 1443 ἰών

303 1472 474 1536 ἔθνος·
517 1476 573 1535 ἐς
598 1470 631 1531 ὃ
658 1471 1143 1550 στρατευσάμενος
1170 1470 1261 1531 ε’πὶ
1285 1468 1417 1533 τούς
1438 1470 1793 1549 Ἀσσυρίους,
1811 1471 1903 1531 καὶ

296 1558 614 1637 Ἀσσυρίων
645 1559 876 1624 τούτους
906 1560 962 1620 οἳ
991 1564 1183 1621 Νῖνονι
1202 1560 1355 1640 εἶχον
1379 1558 1473 1618 καὶ
1502 1557 1682 1639 ἦρχον
1707 1557 1903 1637 πρότε-

297 1674 399 1725 ρον
423 1647 658 1719 πάντων,
685 1648 815 1709 τότε
840 1649 901 1709 δὲ
925 1648 1075 1725 ἦσαν
1103 1647 1519 1726 μεμουνωμένοι
1548 1650 1653 1724 μὲν
1684 1646 1901 1724 συμμά-

298 1734 418 1815 χων
439 1734 536 1796 ἅτε
556 1735 918 1797 ἀπεστεώτων
937 1734 1126 1800 ἄλλως
1144 1736 1337 1814 μέντοι
1358 1738 1566 1795 ἑωυτῶν
1586 1733 1644 1793 εὖ
1662 1733 1902 1811 ἥκοντες,

277 1823 393 1883 ·ε’πὶ
418 1822 647 1889 τούτους
672 1824 740 1901 δὴ
761 1823 1245 1902 στρατευσάμενος
1270 1822 1305 1883 ὅ
1330 1822 1632 1901 Φραόρτης,
1654 1821 1819 1887 αὐτός
1842 1847 1905 1883 τε

301 1911 574 1990 διεφθάρη
614 1910 784 1991 ἄρξας
823 1911 922 1973 δύο
962 1911 1055 1973 καὶ
1096 1911 1278 1972 εἴκοσι
1312 1910 1435 1970 ἔτεα
1471 1910 1564 1969 καὶ
1596 1909 1631 1969 ὅ
1662 1908 1905 1988 στρατός

300 1999 469 2061 αὐτοῦ
495 2000 528 2061 ὁ
556 2000 795 2066 πολλός.
1638 2065 1640 2068 .

208 2090 320 2149 103
381 2088 672 2168 Φραόρτεω
705 2090 764 2150 δὲ
792 2090 1233 2168 τελευτήσαντος
1280 2088 1563 2161 ἐξεδέξατο
1598 2086 1907 2165 ’Κυαξάρης

297 2176 332 2237 ὁ
363 2178 656 2255 Φραόρτεω
688 2183 792 2239 τοῦ
820 2178 1070 2255 Δηῖόκεω
1094 2182 1246 2242 παῖς.
1330 2175 1490 2241 οὗτος
1515 2177 1742 2258 λέγεται
1764 2179 1905 2235 πολ-

297 2264 403 2326 λόν
445 2266 525 2324 ἔτι
569 2267 836 2347 γενέσθαι
876 2265 1254 2343 ἀλκιμώτερος
1302 2269 1413 2325 τῶν
1453 2263 1761 2345 προγόνων·
1812 2263 1907 2323 καὶ

301 2352 518 2430 πρῶτός
540 2379 605 2413 τε
632 2353 864 2433 ἐλόχισε
888 2354 1030 2413 κατοὶ
1053 2353 1223 2414 τέλεα
1245 2351 1377 2417 τούς
1403 2357 1463 2413 ἑν
1485 2357 1559 2431 τῇ
1598 2351 1785 2432 Ἀσίῃ,
1814 2352 1908 2411 καὶ

297 2444 514 2517 πρῶτος
555 2440 769 2509 διέταξε
794 2441 964 2519 χωρὶς
991 2439 1259 2504 ἑκάστους
1287 2440 1441 2510 εἶναι,
1466 2438 1597 2503 τούς
1619 2465 1684 2499 τε
1712 2444 1906 2519 αἰχμο·

303 2528 513 2605 φόρους
553 2528 645 2587 καὶ
683 2527 815 2592 τούς
852 2528 1199 2606 τοξοφόρους
1242 2528 1334 2588 καὶ
1372 2527 1503 2591 τοῦς
1538 2528 1754 2591 ἱππέας·
1793 2528 1906 2606 πρό

300 2620 402 2674 τοῦ
430 2615 489 2674 δὲ
515 2613 722 2693 ἀναμὶξ
741 2614 815 2691 ἦν
839 2614 1024 2676 πάντα
1050 2615 1254 2693 ὁμοίως
1280 2613 1731 2691 ἀναπεφυρμένα.
1793 2613 1907 2695 (οὗ-

301 2727 398 2765 τος
439 2701 472 2762 ὅ
516 2706 672 2763 τοῖσι
712 2703 958 2763 Λυδοῖσί
995 2707 1121 2765 ἑστι
1160 2700 1553 2783 μαχεσάμενος
1594 2701 1687 2762 ὅτε
1727 2700 1831 2772 νῦξ
1868 2702 1909 2779 ἦ

303 2788 484 2867 ἡμέρη
527 2789 743 2871 ἐγένετό
780 2796 893 2868 σφι
932 2791 1328 2870 μαχομένοισι,
1365 2790 1459 2850 καὶ
1491 2789 1526 2850 ὅ
1566 2789 1673 2867 τήν
1696 2788 1910 2855 Ἀλυος

247 2872 260 2879 “
303 2882 560 2955 ποταμοῦ
586 2876 696 2939 ἅνω
718 2878 921 2955 Ἀσίην
937 2883 1134 2940 πᾶσαν
1159 2876 1457 2955 συστήσας
1483 2878 1703 2959 ἑωυτῷ.)
1770 2879 1913 2938 συλέ

308 2965 475 3035 λέξας
501 2966 560 3024 δὲ
591 2965 723 3030 τοὺς
746 2964 838 3026 ὕπ’
872 2970 1051 3047 ἑωυτῷ
1081 2965 1425 3047 α’ρχομένους
1455 2965 1683 3037 πάντας,
1712 2970 1909 3043 ἐστρα-

305 3052 493 3115 τεύετο
522 3053 614 3114 ἑπὶ
638 3053 743 3131 τήν
768 3057 961 3127 Νῖνον,
987 3056 1267 3133 τιμωρέων
1290 3080 1354 3115 τε
1378 3058 1455 3133 τῷ
1476 3054 1650 3132 πατρὶ
1684 3054 1776 3113 καὶ
1805 3052 1911 3127 τήν

304 3141 477 3203 πόλιν
512 3141 721 3220 ταύτην
762 3142 940 3203 θέλων
981 3143 1210 3213 ἐξελεῖν·
1252 3143 1351 3202 καί
1378 3146 1449 3213 οἱ,
1478 3140 1551 3205 ὥς
1588 3137 1911 3217 συμβαλών

318 3230 531 3307 ’νίκησε
567 3229 700 3295 τοῦς
736 3227 1093 3310 Ἀσσυρίους,
1134 3230 1551 3309 περικατημένῳ
1588 3227 1693 3303 τήν
1733 3230 1913 3286 Νῖνον
