2267 3517
333 140 398 187 ει
953 138 1322 187 mmmmm
1861 136 1928 205 [ι.

323 220 511 294 Κᾶρες
541 220 647 296 μὲν
678 216 976 298 οἷπιγμένοι
1007 222 1063 280 ἐς
1095 216 1201 293 τήν
1233 214 1465 295 ἤπειρον
1492 222 1554 277 ἐκ
1583 221 1694 278 τῶν
1726 218 1931 295 νήσων.

321 303 390 365 τό
414 304 526 386 γὰρ
561 304 807 365 παλαιὰν
843 304 1022 369 ἐόντες
1052 306 1215 365 Μίνω
1239 331 1303 365 τε
1328 304 1590 381 κατήκοοι
1617 306 1710 365 καὶ
1736 307 1931 367 καλεό-

320 417 480 470 μενοι
517 394 778 475 Λέλεγες,
812 392 967 472 εἶχον
994 391 1098 456 τοῖς
1128 391 1337 469 νήσους
1374 392 1554 471 φόρον
1591 396 1696 471 μὲν
1738 394 1933 455 οὐδένα

321 478 730 552 ὑποτελέοντες,
765 480 906 542 ὅσον
935 481 1027 541 καὶ
1054 479 1163 562 ἐγώ
1190 479 1419 545 δυνατός
1446 485 1558 558 εἶμι
1581 482 1933 560 μακρότατον

324 568 606 638 ἐξικέσθαι
641 568 801 648 α’κοῇ,
839 570 894 628 οἱ
930 568 1006 638 δὲ,
1043 567 1183 632 ὅκως
1210 569 1400 632 Μίνως
1426 569 1623 639 δέοιτο,
1651 570 1933 651 ἐπλήρουν

323 658 378 715 οἱ
415 681 517 720 τας
550 657 696 721 νέας·
753 654 852 716 ἅτε
890 656 952 717 δὲ
991 656 1154 716 Μίνω
1192 681 1257 716 τε
1292 657 1783 734 κατεστραμμένου
1820 663 1933 741 γῆν

321 743 550 819 πολλην
585 744 678 803 καὶ
710 742 1062 823 εὐτυχέοντος
1096 748 1174 824 τῷ
1204 745 1452 824 πολέμω,
1488 770 1555 806 το
1582 746 1896 823 Καρικόν’
1858 774 1931 825 ην

321 831 478 895 ἔθνος
502 831 889 912 λογιμώτατον
922 836 1034 892 τῶν
1059 831 1320 893 ἐθνέωνε
1284 857 1542 893 απαντων
1568 833 1708 893 κατὰ
1730 837 1931 895 τοῦτον

321 916 440 996 ἅμα
490 944 590 979 τον
639 917 845 998 χρόνον
892 922 1088 999 μακρῷ
1138 919 1412 996 μάλιστα·
1473 921 1570 980 καί
1611 926 1723 997 σφι
1766 921 1931 999 τριξα

321 1005 666 1085 ἐξευρήματα
706 1008 939 1089 ἐγένετο,
992 1012 1148 1068 τοῖσι
1190 1011 1244 1067 οἱ
1258 1007 1555 1084 ·”Ελληνες
1593 1007 1927 1087 ἐχρήσαντο·

321 1094 416 1154 καὶ
456 1094 568 1177 γὰρ
615 1095 708 1155 ἐπὶ
751 1095 824 1156 τὰ
865 1094 1068 1173 κράνεα
1113 1094 1333 1171 λόφους
1378 1096 1698 1157 ἐπιδέεσθαι
1740 1098 1929 1175 Κᾶρές

319 1187 433 1243 εἶσι
457 1186 511 1243 οἶ
537 1182 944 1253 καταδέξαντες,
983 1184 1074 1243 καὶ
1101 1183 1193 1242 ἐπὶ
1219 1182 1320 1246 τὰς
1346 1182 1588 1247 ἀσπίδας
1612 1182 1684 1242 τὰ
1710 1184 1929 1261 σημήῖα

319 1271 629 1340 ποιέεσθαι,
663 1271 756 1330 καὶ
794 1269 972 1349 ὄχανα
1011 1268 1222 1331 α’σπίσι
1262 1268 1423 1330 οὗτοί
1452 1274 1564 1330 εἶσι
1596 1274 1651 1331 οἳ
1689 1272 1926 1349 ποιησά-

318 1383 478 1435 μενοι
515 1362 744 1435 πρῶτοι·
801 1359 936 1421 τέως
986 1358 1048 1417 δὲ
1099 1356 1227 1419 ἄνευ
1270 1356 1496 1438 ,ὀχάνων
1542 1358 1778 1436 ἐφόρεον
1826 1360 1929 1425 τᾶς

320 1445 563 1508 ἀσπίδας
593 1445 795 1509 πάντες
827 1446 986 1523 οἷπερ
1021 1445 1267 1507 ἐώθεσαν
1299 1446 1508 1506 α’,σπίσι
1539 1447 1810 1525 χρέεσθαι
1840 1474 1927 1509 τε·

320 1538 551 1611 λαμῶσι
586 1533 900 1594 σκυτίνοισι
926 1534 1273 1610 οἰηκίζοντες,
1300 1534 1429 1611 περὶ
1462 1538 1615 1594 τοῖσι
1639 1533 1841 1613 αὐχέσι
1863 1561 1929 1597 τε

320 1621 413 1681 καὶ
437 1624 592 1681 τοῖσι
617 1619 971 1699 οἷριστεροῖσι
995 1619 1202 1698 ὤμοισι
1227 1622 1616 1699 περικείμενοι.
1678 1621 1822 1700 μεταῖ
1847 1623 1924 1695 δὲ,

316 1708 449 1773 τούς
489 1711 686 1786 Κᾶρας
724 1708 906 1789 χρόνῳ
945 1707 1185 1785 ὕστερον
1223 1712 1425 1789 πολλῷ
1465 1702 1702 1786 Δωριέες
1731 1735 1795 1769 τε
1833 1712 1927 1771 καὶ

308 1796 495 1860 Ἴωνες
534 1795 915 1872 ἐξανέστησαν
954 1800 1016 1855 ἐκ
1045 1800 1157 1856 τῶν
1189 1794 1393 1872 νήσων·
1437 1797 1531 1856 καὶ
1562 1796 1705 1857 οὕτω
1737 1802 1791 1861 ἐς
1818 1797 1927 1875 τήν

315 1883 547 1964 ἤπειρον
571 1882 857 1944 ἀπίκοντο.
927 1882 1068 1944 κατὰ
1090 1886 1196 1960 μὲν
1221 1882 1291 1959 δὴ
1319 1888 1515 1961 Κᾶρας
1540 1883 1681 1944 οὕτω
1706 1888 1927 1962 Κρῆτες

316 1974 555 2055 λέγουσι
591 1971 876 2054 γενέσθαι·
917 1971 983 2032 οὐ
1020 1972 1215 2050 μέντοι
1254 1970 1417 2032 αὐτοί
1440 1997 1512 2053 γε
1546 1970 1926 2053 ὁμολογέουσι

314 2060 568 2123 τούτοισι
614 2064 668 2121 οἶ
713 2063 914 2138 Κᾶρες,
959 2058 1116 2119 ἀλλὰ
1162 2060 1455 2137 νομίζουσι
1496 2058 1655 2119 αὐτοὶ
1698 2061 1927 2125 ἐωυτοῦς

316 2150 457 2211 εἶναι
501 2147 846 2228 αὐτόχθονας
886 2147 1213 2225 ἠπειρώτας,
1262 2147 1354 2206 καὶ
1404 2151 1482 2225 τῷ
1534 2144 1802 2224 οὐνόματι
1845 2153 1927 2228 τῷ

315 2237 462 2316 αὐτῷ
493 2236 580 2296 ἀεὶ
617 2236 1054 2315 διαχρεωμένους
1086 2240 1270 2317 τῷπερ
1312 2238 1429 2295 νῦν·
1471 2232 1831 2295 ἀποδεικνῦσι
1863 2236 1927 2296 δὲ

317 2329 378 2384 ἐν
415 2322 755 2383 Μυλάσοισι
794 2322 932 2385 Διὸς
961 2322 1183 2399 Καρίου
1223 2319 1343 2399 ἶρόν
1374 2320 1627 2399 ἀρχαῖον,
1663 2326 1765 2382 τοῦ
1801 2328 1924 2383 Μυ-

316 2415 480 2472 σοῖσι
533 2411 637 2487 μέν
687 2410 782 2468 καὶ
833 2408 1074 2470 Λυδοῖσι
1123 2408 1355 2485 μέτεστι
1408 2408 1479 2471 ὥς
1530 2410 1926 2491 κασιγνήτοισι

316 2501 475 2558 ἐοῦσι
498 2500 653 2557 τοῖσι
678 2497 900 2573 Καρσί·
939 2494 1040 2555 τᾶν
1077 2495 1189 2576 γσῖρ
1231 2494 1417 2554 Λυδὸν
1458 2496 1551 2554 καὶ
1587 2496 1687 2557 τόν
1719 2499 1925 2559 Μυσὸν

315 2586 554 2667 λέγουσι
598 2583 738 2643 εἶναι
779 2582 973 2661 Καρδς
1016 2580 1345 2659 ἀδελφεούς·
1402 2582 1654 2642 τούτοισι
1697 2586 1802 2660 μὲν
1852 2586 1923 2663 δὴ

312 2674 561 2750 μέτεστι·
603 2670 734 2731 ὅσοι
778 2669 839 2730 δὲ
879 2669 1062 2734 ἐόντες
1103 2669 1288 2730 ἄλλου
1329 2669 1513 2733 ἔθνεος
1551 2669 1926 2753 ὁμόγλωσσοι

224 2762 335 2822 172
352 2764 507 2821 τοῖσι
523 2758 727 2835 ,Καρσὶ
753 2757 1024 2840 ἐγένοντο,
1061 2756 1319 2818 τούτοισι
1344 2756 1406 2816 δὲ
1432 2756 1497 2816 οὐ
1523 2757 1686 2834 μέτα.
1762 2763 1837 2820 Οἱ
1862 2761 1925 2820 δὲ

313 2846 548 2909 Καύνιοι
573 2846 922 2927 αὐτόχθονες,
954 2845 1163 2906 δοκέειν
1200 2844 1339 2924 ἐμοὶ,
1370 2846 1505 2905 εἶσί·
1547 2844 1706 2905 αὐτοὶ
1729 2848 1923 2924 μέντοι

313 2942 375 2997 ἐκ
401 2935 630 3014 Κρήτης
655 2934 807 3011 φασὶ
834 2933 991 2994 εἶναι·
1023 2931 1532 3012 προσκεχωρήκασι
1558 2933 1618 2992 δέ
1642 2938 1923 3013 γλῶσσαν

310 3028 414 3102 μὲν
460 3024 601 3102 πρὸς
640 3021 706 3082 τό
737 3020 1006 3130 ΑΚαρικὸν
1049 3021 1221 3091 ἔθνος,
1268 3018 1305 3097 ἢ
1350 3023 1404 3079 οἶ
1445 3024 1632 3098 Κᾶρες
1669 3020 1813 3099 πρός
1851 3024 1920 3083 τό

313 3112 609 3174 Καυνικόν·
662 3113 831 3171 τοῦτο
869 3108 982 3189 γοὶρ
1022 3107 1122 3167 οὐκ
1171 3110 1278 3186 ἔχω
1320 3106 1586 3185 ἀτρεκέως
1625 3108 1921 3184 διακρῖναι·

311 3201 538 3278 νόμοισι
577 3200 648 3260 δὲ
673 3197 944 3277 χρέωνται
980 3220 1447 3274 κεχωρισμενοισι
1476 3193 1698 3255 πολλόν
1723 3220 1835 3255 των
1856 3220 1922 3254 τε

309 3286 502 3349 αλλων
536 3285 840 3412 ανθρώπων
868 3282 964 3342 καὶ
999 3286 1224 3360 Καρῶν.
1288 3285 1445 3343 τοῖσι
1468 3280 1581 3362 γὰρ
1607 3280 1922 3341 καλλιστόν
