2267 3517
322 116 424 168 292
894 113 1298 165 ,¹HP0A0'13011·
1327 113 1346 158 ἴ
1711 151 1714 154 .
1801 111 1927 179 [svs

324 193 505 256 οὐδέν’·
545 193 742 274 ἔλεγον
764 192 876 274 γὰρ
902 191 971 254 ἂν
995 193 1089 252 καὶ
1116 193 1346 264 Σκύθαι,
1375 194 1448 258 ὦς
1469 193 1600 272 περὶ
1624 197 1737 254 τῶν
1760 215 1928 271 μουνὸ

324 280 641 358 οφθάλμων
690 283 945 361 λέγουσι.
1014 281 1146 340 ἀλλ’
1193 281 1442 361 Ἡσιόδῳ
1482 283 1587 358 μέν
1633 287 1759 342 ε’στι
1795 281 1926 359 περὶ

322 369 712 446 εΥπερβορέων
744 371 1017 447 εἰρημένα,
1048 371 1171 430 ἔστι
1203 369 1263 428 δὲ
1295 371 1386 429 καὶ
1421 369 1654 448 Ὁμήρῳ
1687 374 1746 429 ἐν
1769 368 1924 429 Ἐπι-

322 458 561 540 γόνοισι,
604 461 653 516 εἰ
692 456 759 532 δὴ
798 461 877 536 τῷ
916 457 1061 518 ἐόντι
1095 483 1164 538 γε
1189 456 1446 536 ”Ομηρος
1475 461 1654 517 ταῦτα
1682 456 1756 516 τοὶ
1789 457 1926 516 ἔπεα

227 549 304 608 33
324 547 573 622 ἐποίησε·
616 549 835 624 Πολλῷ
874 546 937 605 δέ
966 571 1024 605 τι
1062 549 1310 606 πλεῖστα
1337 547 1470 628 περὶ
1505 544 1688 607 αύτῶν
1715 544 1925 620 Δήλιοι

318 636 571 716 λέγουσι,
600 632 841 710 φάμενοι
878 631 972 711 ἱροὶ
1007 633 1326 708 ἐνδεδεμένα
1362 638 1422 694 ἓν
1451 632 1680 712 καλάμῃ
1717 636 1922 709 πυρῶν,
1999 634 2008 640 ”

320 725 384 794 ἐξ
420 722 811 798 εΥπερβορέων
852 721 1138 798 φερόμενα
1185 720 1548 782 ἀπικνέεσθαι
1587 725 1644 785 ἐς
1685 720 1921 793 Σκύθας..

317 810 429 871 α’πό
462 811 523 870 δὲ
556 810 811 874 Σκυθέων
849 808 957 886 ἤδη
999 809 1326 886 δεκομένους
1367 810 1474 869 αἰεὶ
1512 809 1643 873 τοῦς
1681 814 1924 884 πλησιο-

317 899 531 979 χώρους
573 897 855 968 ἑκάστους,
900 898 1144 973 κομίζειν
1185 896 1328 957 αὖτοὶ
1367 897 1436 958 τὸ
1488 897 1630 976 πρὸς
1683 897 1924 974 ἑσπέρης

320 985 607 1048 ἑκαστάτω
640 986 732 1045 ἐπὶ
756 984 859 1046 τόν
882 984 1129 1062 Ἀδρίην·
1173 985 1425 1045 ἐνθεῦτεν
1450 985 1512 1044 δὲ
1535 984 1674 1063 πρός
1702 1010 1923 1062 μεσαμ·

242 1103 247 1108 ·
317 1078 489 1154 βρίην
503 1073 947 1153 προπεμπόμενα
972 1072 1225 1152 πρώτους
1250 1073 1609 1137 Δωδωναίους
1631 1072 1924 1148 Ἑλλήνων

320 1164 599 1225 δέκεσθαι·
641 1161 753 1222 οἷπό
786 1162 847 1222 δὲ
878 1162 1086 1222 τούτων
1127 1163 1486 1238 καταβαίνειν
1527 1161 1618 1220 ἐπὶ
1656 1159 1756 1221 τόν
1795 1166 1920 1238 Μη-

319 1254 447 1311 λιέα
489 1253 719 1322 κόλπον,
748 1249 843 1310 καὶ
878 1249 1309 1331 διαπορεύεσθαι
1351 1255 1406 1313 ἐς
1439 1248 1712 1327 Εὔβοιαν·
1753 1249 1924 1309 πόλιν

318 1366 390 1400 τε.
428 1345 484 1403 ἐς
524 1340 693 1401 πόλιν
732 1339 989 1415 πέμπειν,
1030 1339 1199 1416 μέχρι
1241 1337 1563 1415 Καρύστου·
1613 1337 1683 1398 τό
1725 1336 1772 1396 δ’
1807 1334 1920 1398 οἷπό

319 1427 537 1503 ταύτης,
556 1430 803 1486 ἐκλιπεῖν
813 1425 1078 1503 ””Ανδρον·
1112 1426 1466 1502 Καρυστίους
1489 1425 1600 1506 γὰρ
1628 1425 1767 1485 εἶναι
1791 1425 1923 1490 τούς

322 1515 646 1590 κομίζοντας
673 1518 728 1575 ἐς
758 1517 957 1588 Τῆνον,
985 1513 1217 1588 Τηνίους
1243 1513 1303 1572 δὲ
1331 1517 1387 1576 ἐς
1414 1517 1630 1589 Δῆλον.
1699 1512 1919 1574 ἀπικνέ-

324 1603 487 1662 εσθαι
518 1602 624 1679 μέν
648 1626 745 1661 νυν
768 1604 945 1660 ταῦτα
971 1599 1043 1659 τοὶ
1072 1599 1166 1677 ἱροὶ
1193 1599 1334 1661 οὕτω
1359 1601 1601 1683 λέγουσι’
1625 1607 1681 1665 ἔς
1708 1606 1920 1678 Δῆλον·

318 1693 540 1767 πρῶτον
570 1689 631 1749 δὲ
665 1686 796 1752 τοῦς
830 1686 1246 1764 ’Ὑπερβορέους
1273 1690 1494 1768 πέμψαι
1527 1689 1812 1767 φερούσας
1847 1691 1922 1752 τᾶ.

322 1777 415 1854 ἶροὶ
447 1777 545 1837 δύο
577 1775 759 1855 κόρας,
784 1773 886 1839 τὰς
916 1774 1290 1854 οὗνομάζουσι
1323 1778 1530 1853 Δήλιοι
1561 1778 1702 1838 εἶναι
1725 1778 1918 1856 εΥπερ-

259 1937 267 1944 -
320 1866 461 1946 όχην
504 1891 567 1926 τε
609 1867 703 1925 καὶ
742 1864 1042 1940 Λαοδίκην·
1100 1863 1220 1940 ἅμα
1267 1865 1327 1924 δὲ
1369 1865 1576 1945 αὐτῇσι
1630 1865 1922 1943 οἷσφαλίης

322 1956 522 2016 εἵνεκεν
546 1955 767 2033 πέμψαι
792 1953 922 2017 τοῦς
945 1952 1358 2030 Ὑπερβορέους
1379 1957 1492 2014 τῶν
1508 1953 1697 2014 οἷστῶν
1721 1954 1922 2032 ἄνδρας

321 2045 488 2105 πέντε
521 2041 799 2122 πομπούς,
824 2040 1055 2105 τούτους
1080 2041 1134 2100 οἳ
1159 2044 1256 2101 νῦν
1284 2042 1601 2118 Περφερέες
1627 2043 1922 2103 καλέονται

320 2124 484 2210 τιμάς
508 2130 762 2214 μεγάλας
782 2135 841 2190 ἔν
861 2129 1035 2209 Δήλῳ
1062 2130 1300 2208 ἔχοντες·
1329 2131 1450 2188 ε’πεὶ
1471 2129 1531 2188 δὲ
1547 2133 1702 2190 τοῖσι
1726 2130 1923 2208 ’Υπερ-Ι

320 2222 584 2297 βορέοισι
601 2218 731 2281 τούς
746 2217 1216 2294 ἀποπεμφθέντας
1231 2217 1412 2278 ὀπίσω
1429 2215 1528 2277 ούκ
1537 2217 1919 2290 ἀπονοστέειν,

322 2307 472 2367 δεινοὶ
503 2306 859 2382 ποιευμένους
889 2309 938 2365 εἰ
972 2306 1159 2381 σφέας
1193 2305 1300 2364 αἰεὶ
1333 2305 1761 2384 καταλάμψεται
1785 2306 1934 2366 ἄπο--

321 2395 667 2456 στέλλοντας
706 2393 789 2470 μή
832 2391 1221 2463 ἀποδέκεσθαι,
1271 2393 1412 2453 οὕτω
1451 2394 1526 2470 δὴ
1562 2396 1836 2472 φέροντας
1865 2401 1922 2460 ἐς

324 2482 453 2544 τοῦς
479 2479 673 2558 οὔρους
696 2481 770 2540 τοὶ
796 2481 889 2556 ἱροὶ
915 2480 1234 2557 ἐνδεδεμένα
1261 2487 1320 2541 ἑν
1343 2487 1532 2560 πυρῶν
1559 2482 1786 2562 καλάμῃ
1803 2487 1922 2548 τοῖς

318 2567 737 2647 πλησιοχώροις
788 2567 1151 2644 ἐπισκήπτειν
1195 2568 1522 2635 κελεύοντας
1572 2571 1940 2649 προπέμπειν·

320 2659 479 2733 σφέα
524 2655 638 2716 οἷπὸ
685 2659 899 2716 ἑωυτῶν.
939 2661 995 2720 ε’ς
1034 2654 1188 2716 ἄλλο
1233 2657 1428 2722 ἔθνος·-
1465 2659 1558 2717 καὶ
1596 2663 1778 2719 ταῦτα
1817 2662 1923 2736 μὲν

280 2737 288 2746 ’
322 2745 464 2805 οὕτω
492 2744 937 2822 προπεμπόμενα
973 2743 1336 2805 ἀπικνέεσθαι
1362 2745 1600 2827 λέγουσι
1625 2751 1680 2810 ἔς
1707 2749 1923 2822 Δῆλον·

322 2833 448 2893 οἶδα
484 2832 545 2891 δὲ
576 2832 741 2896 αὐτὸς
778 2830 1032 2908 τούτοισι
1061 2836 1218 2892 τοῖσι
1247 2836 1420 2911 ἱροῖσι
1443 2832 1573 2894 τόδε
1595 2834 1924 2910 ποιεύμενον

320 2921 661 2999 προσφερές·
691 2920 795 2984 τὰς
820 2920 1084 2997 Θρηϊκίας
1104 2921 1196 2979 καὶ
1211 2921 1310 2984 τὰς
1319 2923 1921 3003 Παιονίδαςγυναῖκας,

322 3010 489 3070 ε’πεσῖν
534 3008 711 3070 θύωσι
750 3013 824 3088 τῇ
863 3007 1150 3086 Ἀρτέμιδι
1189 3012 1262 3087 τῇ
1309 3010 1612 3088 Βασιληζίῃ,
1651 3009 1753 3070 οὐκ
1791 3008 1924 3070 ἄνευ

244 3119 249 3128 ·
320 3101 509 3172 πυρῶν
535 3096 792 3174 καλάμης
824 3095 1067 3158 θυούσας
1097 3095 1170 3154 τοὶ
1205 3095 1316 3171 ἱρά.
1400 3097 1492 3154 καὶ
1520 3101 1698 3156 ταῦτα
1723 3099 1827 3172 μὲν
1852 3097 1922 3174 δὴ

230 3178 305 3239 34
324 3181 447 3241 οἶδα
480 3182 685 3247 ταύτας
716 3181 1003 3245 ποιεύσας.
1069 3185 1221 3259 Τῇσι
1245 3183 1306 3241 δὲ
1329 3183 1660 3260 παρθένοισι
1684 3174 1938 3263 ταύτῃσι.-

324 3271 462 3346 τῇσι
497 3270 561 3338 ἐξ
594 3270 987 3347 ’Ὑπερβορέων
1014 3269 1475 3347 τελευτησάσῃσι
1507 3275 1570 3328 ἑν
1596 3270 1788 3349 Δήλῳ,
1816 3271 1922 3332 κεί·
