<?xml version="1.0" encoding="UTF-8"?>
<!DOCTYPE html PUBLIC "-//W3C//DTD XHTML 1.0 Transitional//EN"
    "http://www.w3.org/TR/xhtml1/DTD/xhtml1-transitional.dtd">
<html xmlns="http://www.w3.org/1999/xhtml" xml:lang="en" lang="en">
 <head>
  <title>
</title>
<meta http-equiv="Content-Type" content="text/html;charset=utf-8" />
  <meta name='ocr-system' content='tesseract 3.04.00' />
  <meta name='ocr-capabilities' content='ocr_page ocr_carea ocr_par ocr_line ocrx_word'/>
</head>
<body>
  <div class='ocr_page' id='page_1' title='image "./herodotus05blakgoog_0051.png"; bbox 0 0 2267 3517; ppageno 0'>
   <div class='ocr_carea' id='block_1_1' title="bbox 285 144 2049 3371">
    <p class='ocr_par' dir='ltr' id='par_1_1' title="bbox 285 144 2049 2145">
     <span class='ocr_line' id='line_1_1' title="bbox 365 144 1961 209; baseline 0.001 -14"><span class='ocrx_word' id='word_1_1' title='bbox 365 144 586 209; x_wconf 74' lang='lat'>82—84]</span> <span class='ocrx_word' id='word_1_2' title='bbox 1059 146 1289 196; x_wconf 67' lang='lat' dir='ltr'><strong>KAnm.</strong></span> <span class='ocrx_word' id='word_1_3' title='bbox 1898 150 1961 197; x_wconf 73' lang='grc' dir='ltr'>ιι</span> 
     </span>
     <span class='ocr_line' id='line_1_2' title="bbox 362 224 1963 304; baseline 0.002 -19"><span class='ocrx_word' id='word_1_4' title='bbox 362 227 702 303; x_wconf 86' lang='grc' dir='ltr'>ραμείναντα</span> <span class='ocrx_word' id='word_1_5' title='bbox 741 226 834 285; x_wconf 77' lang='grc' dir='ltr'>καὶ</span> <span class='ocrx_word' id='word_1_6' title='bbox 869 224 1263 286; x_wconf 76' lang='grc' dir='ltr'>σκυλεύσαντα</span> <span class='ocrx_word' id='word_1_7' title='bbox 1299 224 1433 289; x_wconf 68' lang='grc' dir='ltr'>τούς</span> <span class='ocrx_word' id='word_1_8' title='bbox 1466 226 1683 287; x_wconf 76' lang='grc' dir='ltr'>ἐκείνων</span> <span class='ocrx_word' id='word_1_9' title='bbox 1723 226 1963 304; x_wconf 79' lang='grc' dir='ltr'>νεκρούς.</span> 
     </span>
     <span class='ocr_line' id='line_1_3' title="bbox 361 313 1959 395; baseline 0.002 -23"><span class='ocrx_word' id='word_1_10' title='bbox 361 314 529 377; x_wconf 81' lang='grc' dir='ltr'>τέλος</span> <span class='ocrx_word' id='word_1_11' title='bbox 585 313 659 382; x_wconf 83' lang='grc' dir='ltr'>δὲ,</span> <span class='ocrx_word' id='word_1_12' title='bbox 723 318 784 373; x_wconf 82' lang='grc' dir='ltr'>ἐκ</span> <span class='ocrx_word' id='word_1_13' title='bbox 840 316 943 389; x_wconf 81' lang='grc' dir='ltr'>τῆς</span> <span class='ocrx_word' id='word_1_14' title='bbox 999 314 1175 390; x_wconf 83' lang='grc' dir='ltr'>ἔριδος</span> <span class='ocrx_word' id='word_1_15' title='bbox 1226 313 1609 389; x_wconf 83' lang='grc' dir='ltr'>συμπεσόντες</span> <span class='ocrx_word' id='word_1_16' title='bbox 1668 313 1959 395; x_wconf 86' lang='grc' dir='ltr'>ἐμάχοντο·</span> 
     </span>
     <span class='ocr_line' id='line_1_4' title="bbox 361 400 1963 477; baseline 0.002 -18"><span class='ocrx_word' id='word_1_17' title='bbox 361 400 650 461; x_wconf 82' lang='grc' dir='ltr'>πεσόντων</span> <span class='ocrx_word' id='word_1_18' title='bbox 665 400 724 459; x_wconf 81' lang='grc' dir='ltr'>δὲ</span> <span class='ocrx_word' id='word_1_19' title='bbox 751 402 844 460; x_wconf 88' lang='grc' dir='ltr'>καὶ</span> <span class='ocrx_word' id='word_1_20' title='bbox 869 400 1200 477; x_wconf 87' lang='grc' dir='ltr'>α’μφοτέρων</span> <span class='ocrx_word' id='word_1_21' title='bbox 1224 404 1470 474; x_wconf 86' lang='grc' dir='ltr'>πολλῶν,</span> <span class='ocrx_word' id='word_1_22' title='bbox 1492 402 1678 462; x_wconf 87' lang='grc' dir='ltr'>ἐνίκων</span> <span class='ocrx_word' id='word_1_23' title='bbox 1697 402 1963 462; x_wconf 77' lang='grc' dir='ltr'>Λακεδαι-</span> 
     </span>
     <span class='ocr_line' id='line_1_5' title="bbox 361 487 1963 570; baseline 0.002 -22"><span class='ocrx_word' id='word_1_24' title='bbox 361 487 564 564; x_wconf 86' lang='grc' dir='ltr'>μόνιοι.</span> <span class='ocrx_word' id='word_1_25' title='bbox 644 488 892 570; x_wconf 82' lang='grc' dir='ltr'>Ἀργεῖοι</span> <span class='ocrx_word' id='word_1_26' title='bbox 942 490 1047 566; x_wconf 88' lang='grc' dir='ltr'>μέν</span> <span class='ocrx_word' id='word_1_27' title='bbox 1086 515 1184 549; x_wconf 91' lang='grc' dir='ltr'>νυν</span> <span class='ocrx_word' id='word_1_28' title='bbox 1222 488 1335 549; x_wconf 83' lang='grc' dir='ltr'>οἷπό</span> <span class='ocrx_word' id='word_1_29' title='bbox 1379 488 1579 549; x_wconf 83' lang='grc' dir='ltr'>τούτου</span> <span class='ocrx_word' id='word_1_30' title='bbox 1619 494 1719 550; x_wconf 83' lang='grc' dir='ltr'>τοῦ</span> <span class='ocrx_word' id='word_1_31' title='bbox 1757 490 1963 568; x_wconf 87' lang='grc' dir='ltr'>χρόνου</span> 
     </span>
     <span class='ocr_line' id='line_1_6' title="bbox 363 575 1961 659; baseline 0.003 -26"><span class='ocrx_word' id='word_1_32' title='bbox 363 576 816 653; x_wconf 79' lang='grc' dir='ltr'>κατακειράμενοι</span> <span class='ocrx_word' id='word_1_33' title='bbox 866 575 968 639; x_wconf 76' lang='grc' dir='ltr'>τάς</span> <span class='ocrx_word' id='word_1_34' title='bbox 1019 576 1289 653; x_wconf 74' lang='grc' dir='ltr'>κεφαλάς,</span> <span class='ocrx_word' id='word_1_35' title='bbox 1340 576 1610 654; x_wconf 88' lang='grc' dir='ltr'>πρότερον</span> <span class='ocrx_word' id='word_1_36' title='bbox 1660 578 1961 659; x_wconf 88' lang='grc' dir='ltr'>ἐπάναγκες</span> 
     </span>
     <span class='ocr_line' id='line_1_7' title="bbox 364 664 1957 743; baseline 0.002 -22"><span class='ocrx_word' id='word_1_37' title='bbox 364 668 652 739; x_wconf 80' lang='grc' dir='ltr'>κομῶντες,</span> <span class='ocrx_word' id='word_1_38' title='bbox 705 664 1044 741; x_wconf 88' lang='grc' dir='ltr'>ἐποιήσαντο</span> <span class='ocrx_word' id='word_1_39' title='bbox 1095 664 1269 741; x_wconf 85' lang='grc' dir='ltr'>νόμον</span> <span class='ocrx_word' id='word_1_40' title='bbox 1318 689 1381 724; x_wconf 92' lang='grc' dir='ltr'>τε</span> <span class='ocrx_word' id='word_1_41' title='bbox 1430 666 1523 723; x_wconf 89' lang='grc' dir='ltr'>καὶ</span> <span class='ocrx_word' id='word_1_42' title='bbox 1566 664 1825 741; x_wconf 81' lang='grc' dir='ltr'>κατάρην,</span> <span class='ocrx_word' id='word_1_43' title='bbox 1876 665 1957 743; x_wconf 74' lang='grc' dir='ltr'>μὴ</span> 
     </span>
     <span class='ocr_line' id='line_1_8' title="bbox 361 750 1961 833; baseline 0.003 -26"><span class='ocrx_word' id='word_1_44' title='bbox 361 750 634 829; x_wconf 78' lang='grc' dir='ltr'>πρότερον</span> <span class='ocrx_word' id='word_1_45' title='bbox 665 752 891 830; x_wconf 83' lang='grc' dir='ltr'>θρέψειν</span> <span class='ocrx_word' id='word_1_46' title='bbox 923 751 1101 829; x_wconf 87' lang='grc' dir='ltr'>κόμην</span> <span class='ocrx_word' id='word_1_47' title='bbox 1133 751 1401 833; x_wconf 84' lang='grc' dir='ltr'>Ἀργείων</span> <span class='ocrx_word' id='word_1_48' title='bbox 1430 752 1655 829; x_wconf 85' lang='grc' dir='ltr'>μηδένα,</span> <span class='ocrx_word' id='word_1_49' title='bbox 1688 752 1829 829; x_wconf 79' lang='grc' dir='ltr'>μηδὲ</span> <span class='ocrx_word' id='word_1_50' title='bbox 1860 753 1961 817; x_wconf 74' lang='grc' dir='ltr'>τὰς</span> 
     </span>
     <span class='ocr_line' id='line_1_9' title="bbox 361 838 1957 918; baseline 0.003 -23"><span class='ocrx_word' id='word_1_51' title='bbox 361 839 622 917; x_wconf 80' lang='grc' dir='ltr'>γυναῖκάς</span> <span class='ocrx_word' id='word_1_52' title='bbox 662 846 776 915; x_wconf 86' lang='grc' dir='ltr'>σφι</span> <span class='ocrx_word' id='word_1_53' title='bbox 813 839 1291 918; x_wconf 86' lang='grc' dir='ltr'>χρυσοφορήσειν,</span> <span class='ocrx_word' id='word_1_54' title='bbox 1323 840 1455 917; x_wconf 85' lang='grc' dir='ltr'>πρὶν</span> <span class='ocrx_word' id='word_1_55' title='bbox 1481 838 1549 899; x_wconf 76' lang='grc' dir='ltr'>ἂν</span> <span class='ocrx_word' id='word_1_56' title='bbox 1589 841 1799 917; x_wconf 83' lang='grc' dir='ltr'>Θυρέας</span> <span class='ocrx_word' id='word_1_57' title='bbox 1830 840 1957 900; x_wconf 77' lang='grc' dir='ltr'>ἅνα-</span> 
     </span>
     <span class='ocr_line' id='line_1_10' title="bbox 361 924 1957 1003; baseline 0.004 -21"><span class='ocrx_word' id='word_1_58' title='bbox 361 924 675 987; x_wconf 78' lang='grc' dir='ltr'>σῶσωνται.</span> <span class='ocrx_word' id='word_1_59' title='bbox 755 926 1181 1003; x_wconf 86' lang='grc' dir='ltr'>Λακεδαιμόνιοι</span> <span class='ocrx_word' id='word_1_60' title='bbox 1236 926 1296 985; x_wconf 80' lang='grc' dir='ltr'>δὲ</span> <span class='ocrx_word' id='word_1_61' title='bbox 1349 926 1421 987; x_wconf 72' lang='grc' dir='ltr'>τά</span> <span class='ocrx_word' id='word_1_62' title='bbox 1478 928 1696 987; x_wconf 81' lang='grc' dir='ltr'>ἐναντία</span> <span class='ocrx_word' id='word_1_63' title='bbox 1750 928 1957 989; x_wconf 86' lang='grc' dir='ltr'>τούτων</span> 
     </span>
     <span class='ocr_line' id='line_1_11' title="bbox 361 1012 1953 1094; baseline 0.003 -25"><span class='ocrx_word' id='word_1_64' title='bbox 361 1012 546 1073; x_wconf 80' lang='grc' dir='ltr'>ἔθεντο</span> <span class='ocrx_word' id='word_1_65' title='bbox 573 1014 762 1091; x_wconf 87' lang='grc' dir='ltr'>νόμον,</span> <span class='ocrx_word' id='word_1_66' title='bbox 787 1014 852 1074; x_wconf 76' lang='grc' dir='ltr'>οὔ</span> <span class='ocrx_word' id='word_1_67' title='bbox 878 1014 988 1094; x_wconf 73' lang='grc' dir='ltr'>γάρ</span> <span class='ocrx_word' id='word_1_68' title='bbox 1017 1018 1292 1091; x_wconf 77' lang='grc' dir='ltr'>κομῶντες</span> <span class='ocrx_word' id='word_1_69' title='bbox 1316 1014 1427 1090; x_wconf 83' lang='grc' dir='ltr'>πρό</span> <span class='ocrx_word' id='word_1_70' title='bbox 1451 1013 1666 1083; x_wconf 81' lang='grc' dir='ltr'>τούτου,</span> <span class='ocrx_word' id='word_1_71' title='bbox 1694 1014 1805 1073; x_wconf 81' lang='grc' dir='ltr'>οἷπό</span> <span class='ocrx_word' id='word_1_72' title='bbox 1830 1016 1953 1075; x_wconf 79' lang='grc' dir='ltr'>τού-</span> 
     </span>
     <span class='ocr_line' id='line_1_12' title="bbox 359 1098 1955 1181; baseline 0.003 -22"><span class='ocrx_word' id='word_1_73' title='bbox 359 1125 459 1159; x_wconf 91' lang='grc' dir='ltr'>του</span> <span class='ocrx_word' id='word_1_74' title='bbox 485 1106 684 1178; x_wconf 75' lang='grc' dir='ltr'>κομᾶν.</span> <span class='ocrx_word' id='word_1_75' title='bbox 762 1101 862 1163; x_wconf 76' lang='grc' dir='ltr'>τᾶν</span> <span class='ocrx_word' id='word_1_76' title='bbox 897 1101 958 1161; x_wconf 76' lang='grc' dir='ltr'>δὲ</span> <span class='ocrx_word' id='word_1_77' title='bbox 989 1103 1082 1163; x_wconf 79' lang='grc' dir='ltr'>ἕνα</span> <span class='ocrx_word' id='word_1_78' title='bbox 1117 1101 1355 1181; x_wconf 86' lang='grc' dir='ltr'>λέγουσι</span> <span class='ocrx_word' id='word_1_79' title='bbox 1388 1098 1489 1160; x_wconf 80' lang='grc' dir='ltr'>τόν</span> <span class='ocrx_word' id='word_1_80' title='bbox 1524 1103 1955 1177; x_wconf 86' lang='grc' dir='ltr'>περιλειφθέντα</span> 
     </span>
     <span class='ocr_line' id='line_1_13' title="bbox 357 1187 1953 1268; baseline 0.003 -23"><span class='ocrx_word' id='word_1_81' title='bbox 357 1190 470 1247; x_wconf 90' lang='grc' dir='ltr'>τῶν</span> <span class='ocrx_word' id='word_1_82' title='bbox 511 1190 858 1267; x_wconf 83' lang='grc' dir='ltr'>τριηκοσίων,</span> <span class='ocrx_word' id='word_1_83' title='bbox 911 1187 1243 1267; x_wconf 76' lang='grc' dir='ltr'>Ὀθρυάδην,</span> <span class='ocrx_word' id='word_1_84' title='bbox 1298 1188 1704 1268; x_wconf 84' lang='grc' dir='ltr'>αἰσχυνόμενον</span> <span class='ocrx_word' id='word_1_85' title='bbox 1754 1187 1953 1249; x_wconf 86' lang='grc' dir='ltr'>άπονο-</span> 
     </span>
     <span class='ocr_line' id='line_1_14' title="bbox 360 1275 1955 1355; baseline 0.002 -23"><span class='ocrx_word' id='word_1_86' title='bbox 360 1275 544 1337; x_wconf 89' lang='grc' dir='ltr'>στέειν</span> <span class='ocrx_word' id='word_1_87' title='bbox 583 1282 640 1340; x_wconf 91' lang='grc' dir='ltr'>ἐς</span> <span class='ocrx_word' id='word_1_88' title='bbox 685 1277 964 1355; x_wconf 81' lang='grc' dir='ltr'>Σπάρτην,</span> <span class='ocrx_word' id='word_1_89' title='bbox 1004 1279 1118 1336; x_wconf 88' lang='grc' dir='ltr'>τῶν</span> <span class='ocrx_word' id='word_1_90' title='bbox 1164 1278 1219 1335; x_wconf 80' lang='grc' dir='ltr'>οῖ</span> <span class='ocrx_word' id='word_1_91' title='bbox 1264 1277 1647 1355; x_wconf 85' lang='grc' dir='ltr'>συλλοχιτέων</span> <span class='ocrx_word' id='word_1_92' title='bbox 1693 1275 1955 1355; x_wconf 88' lang='grc' dir='ltr'>διεφθαρ-</span> 
     </span>
     <span class='ocr_line' id='line_1_15' title="bbox 357 1362 1954 1443; baseline 0.003 -22"><span class='ocrx_word' id='word_1_93' title='bbox 357 1363 552 1437; x_wconf 86' lang='grc' dir='ltr'>μένων,</span> <span class='ocrx_word' id='word_1_94' title='bbox 589 1364 756 1426; x_wconf 76' lang='grc' dir='ltr'>αὖτοΰ</span> <span class='ocrx_word' id='word_1_95' title='bbox 785 1390 884 1441; x_wconf 91' lang='grc' dir='ltr'>μιν</span> <span class='ocrx_word' id='word_1_96' title='bbox 923 1370 982 1425; x_wconf 85' lang='grc' dir='ltr'>ἐν</span> <span class='ocrx_word' id='word_1_97' title='bbox 1019 1368 1157 1443; x_wconf 78' lang='grc' dir='ltr'>τῇσι</span> <span class='ocrx_word' id='word_1_98' title='bbox 1198 1364 1445 1443; x_wconf 84' lang='grc' dir='ltr'>Θυρέῃσι</span> <span class='ocrx_word' id='word_1_99' title='bbox 1486 1362 1954 1443; x_wconf 82' lang='grc' dir='ltr'>καταχρήσασθαι</span> 
     </span>
     <span class='ocr_line' id='line_1_16' title="bbox 360 1450 2049 1530; baseline 0.005 -23"><span class='ocrx_word' id='word_1_100' title='bbox 360 1450 574 1512; x_wconf 79' lang='grc' dir='ltr'>ἑωυτόν.</span> <span class='ocrx_word' id='word_1_101' title='bbox 655 1452 931 1512; x_wconf 77' lang='grc' dir='ltr'>Τοιούτων</span> <span class='ocrx_word' id='word_1_102' title='bbox 956 1451 1016 1511; x_wconf 81' lang='grc' dir='ltr'>δὲ</span> <span class='ocrx_word' id='word_1_103' title='bbox 1030 1456 1184 1511; x_wconf 88' lang='grc' dir='ltr'>τοῖσι</span> <span class='ocrx_word' id='word_1_104' title='bbox 1199 1451 1587 1530; x_wconf 82' lang='grc' dir='ltr'>Σπαρτιήτῃσι</span> <span class='ocrx_word' id='word_1_105' title='bbox 1614 1452 2049 1515; x_wconf 82' lang='grc' dir='ltr'>ἐνεστεώτων-83</span> 
     </span>
     <span class='ocr_line' id='line_1_17' title="bbox 355 1537 1951 1621; baseline 0.005 -24"><span class='ocrx_word' id='word_1_106' title='bbox 355 1538 694 1621; x_wconf 78' lang='grc' dir='ltr'>πρηγμάτων</span> <span class='ocrx_word' id='word_1_107' title='bbox 717 1537 819 1616; x_wconf 83' lang='grc' dir='ltr'>ἧκε</span> <span class='ocrx_word' id='word_1_108' title='bbox 844 1540 877 1601; x_wconf 83' lang='grc' dir='ltr'>ὁ</span> <span class='ocrx_word' id='word_1_109' title='bbox 904 1540 1211 1615; x_wconf 83' lang='grc' dir='ltr'>Σαρδιηνός</span> <span class='ocrx_word' id='word_1_110' title='bbox 1235 1540 1423 1617; x_wconf 82' lang='grc' dir='ltr'>κήρυξ,</span> <span class='ocrx_word' id='word_1_111' title='bbox 1446 1540 1703 1615; x_wconf 84' lang='grc' dir='ltr'>δεόμενος</span> <span class='ocrx_word' id='word_1_112' title='bbox 1722 1542 1951 1621; x_wconf 75' lang='grc' dir='ltr'>Κροίσῳ</span> 
     </span>
     <span class='ocr_line' id='line_1_18' title="bbox 285 1627 1951 1706; baseline 0.001 -19"><span class='ocrx_word' id='word_1_113' title='bbox 285 1633 293 1639; x_wconf 79' lang='grc'><strong>’</strong></span> <span class='ocrx_word' id='word_1_114' title='bbox 352 1628 615 1703; x_wconf 84' lang='grc' dir='ltr'>βοηθέειν</span> <span class='ocrx_word' id='word_1_115' title='bbox 633 1628 1098 1706; x_wconf 76' lang='grc' dir='ltr'>πολιορκεομένῳ·</span> <span class='ocrx_word' id='word_1_116' title='bbox 1127 1630 1181 1688; x_wconf 81' lang='grc' dir='ltr'>οἱ</span> <span class='ocrx_word' id='word_1_117' title='bbox 1200 1627 1259 1687; x_wconf 84' lang='grc' dir='ltr'>δὲ</span> <span class='ocrx_word' id='word_1_118' title='bbox 1278 1627 1425 1703; x_wconf 88' lang='grc' dir='ltr'>ὅμως</span> <span class='ocrx_word' id='word_1_119' title='bbox 1450 1628 1574 1686; x_wconf 87' lang='grc' dir='ltr'>ἐπεί</span> <span class='ocrx_word' id='word_1_120' title='bbox 1592 1653 1657 1687; x_wconf 92' lang='grc' dir='ltr'>τε</span> <span class='ocrx_word' id='word_1_121' title='bbox 1682 1628 1951 1689; x_wconf 79' lang='grc' dir='ltr'>ἐπύθοντο</span> 
     </span>
     <span class='ocr_line' id='line_1_19' title="bbox 351 1714 1950 1793; baseline 0.001 -19"><span class='ocrx_word' id='word_1_122' title='bbox 351 1720 452 1774; x_wconf 82' lang='grc' dir='ltr'>τοῦ</span> <span class='ocrx_word' id='word_1_123' title='bbox 485 1717 734 1792; x_wconf 78' lang='grc' dir='ltr'>κήρυκος,</span> <span class='ocrx_word' id='word_1_124' title='bbox 763 1714 1005 1793; x_wconf 79' lang='grc' dir='ltr'>ὁρμέατο</span> <span class='ocrx_word' id='word_1_125' title='bbox 1034 1716 1315 1791; x_wconf 86' lang='grc' dir='ltr'>βοηθέειν·</span> <span class='ocrx_word' id='word_1_126' title='bbox 1359 1716 1457 1774; x_wconf 88' lang='grc' dir='ltr'>καί</span> <span class='ocrx_word' id='word_1_127' title='bbox 1490 1721 1602 1791; x_wconf 88' lang='grc' dir='ltr'>σφι</span> <span class='ocrx_word' id='word_1_128' title='bbox 1636 1716 1743 1791; x_wconf 85' lang='grc' dir='ltr'>ἤδη</span> <span class='ocrx_word' id='word_1_129' title='bbox 1782 1742 1950 1793; x_wconf 87' lang='grc' dir='ltr'>παρε-</span> 
     </span>
     <span class='ocr_line' id='line_1_20' title="bbox 352 1793 1949 1883; baseline 0.001 -22"><span class='ocrx_word' id='word_1_130' title='bbox 352 1793 805 1880; x_wconf 79' lang='grc' dir='ltr'>σκευασμένοισι,</span> <span class='ocrx_word' id='word_1_131' title='bbox 826 1804 920 1863; x_wconf 83' lang='grc' dir='ltr'>καὶ</span> <span class='ocrx_word' id='word_1_132' title='bbox 949 1807 1083 1863; x_wconf 87' lang='grc' dir='ltr'>νεῶν</span> <span class='ocrx_word' id='word_1_133' title='bbox 1103 1804 1340 1863; x_wconf 82' lang='grc' dir='ltr'>ἐουσέων</span> <span class='ocrx_word' id='word_1_134' title='bbox 1361 1803 1605 1880; x_wconf 80' lang='grc' dir='ltr'>ἑτοίμων,</span> <span class='ocrx_word' id='word_1_135' title='bbox 1626 1802 1770 1877; x_wconf 85' lang='grc' dir='ltr'>ἦλθε</span> <span class='ocrx_word' id='word_1_136' title='bbox 1796 1803 1949 1883; x_wconf 85' lang='grc' dir='ltr'>ἅλλη</span> 
     </span>
     <span class='ocr_line' id='line_1_21' title="bbox 350 1889 1947 1972; baseline 0.001 -23"><span class='ocrx_word' id='word_1_137' title='bbox 350 1889 603 1972; x_wconf 85' lang='grc' dir='ltr'>α’γγελίη,</span> <span class='ocrx_word' id='word_1_138' title='bbox 635 1891 708 1955; x_wconf 78' lang='grc' dir='ltr'>ὦς</span> <span class='ocrx_word' id='word_1_139' title='bbox 729 1890 942 1969; x_wconf 74' lang='grc' dir='ltr'>ἡλώκοι</span> <span class='ocrx_word' id='word_1_140' title='bbox 966 1890 1032 1951; x_wconf 82' lang='grc' dir='ltr'><em>τό</em></span> <span class='ocrx_word' id='word_1_141' title='bbox 1070 1893 1257 1969; x_wconf 80' lang='grc' dir='ltr'>τεῖχος</span> <span class='ocrx_word' id='word_1_142' title='bbox 1290 1895 1401 1951; x_wconf 87' lang='grc' dir='ltr'>τῶν</span> <span class='ocrx_word' id='word_1_143' title='bbox 1425 1891 1621 1951; x_wconf 87' lang='grc' dir='ltr'>Λυδῶν</span> <span class='ocrx_word' id='word_1_144' title='bbox 1646 1892 1738 1950; x_wconf 83' lang='grc' dir='ltr'>καὶ</span> <span class='ocrx_word' id='word_1_145' title='bbox 1764 1893 1947 1970; x_wconf 85' lang='grc' dir='ltr'>ἔχοιτο</span> 
     </span>
     <span class='ocr_line' id='line_1_22' title="bbox 350 1976 1947 2060; baseline 0.003 -24"><span class='ocrx_word' id='word_1_146' title='bbox 350 1982 602 2054; x_wconf 80' lang='grc' dir='ltr'>Κροῖσος</span> <span class='ocrx_word' id='word_1_147' title='bbox 642 1979 958 2060; x_wconf 84' lang='grc' dir='ltr'>ζωγρηθείς.</span> <span class='ocrx_word' id='word_1_148' title='bbox 1001 1977 1143 2037; x_wconf 84' lang='grc' dir='ltr'>οὕτω</span> <span class='ocrx_word' id='word_1_149' title='bbox 1179 1978 1246 2053; x_wconf 79' lang='grc' dir='ltr'>δή</span> <span class='ocrx_word' id='word_1_150' title='bbox 1286 1976 1438 2038; x_wconf 80' lang='grc' dir='ltr'>οὗτοι</span> <span class='ocrx_word' id='word_1_151' title='bbox 1475 1981 1597 2055; x_wconf 86' lang='grc' dir='ltr'>μὲν,</span> <span class='ocrx_word' id='word_1_152' title='bbox 1643 1980 1947 2055; x_wconf 77' lang='grc' dir='ltr'>συμφορήν</span> 
     </span>
     <span class='ocr_line' id='line_1_23' title="bbox 348 2064 1369 2145; baseline 0.001 -22"><span class='ocrx_word' id='word_1_153' title='bbox 348 2066 720 2144; x_wconf 89' lang='grc' dir='ltr'>ποιησάμενοι</span> <span class='ocrx_word' id='word_1_154' title='bbox 744 2064 1014 2145; x_wconf 75' lang='grc' dir='ltr'>μεγάλην,</span> <span class='ocrx_word' id='word_1_155' title='bbox 1043 2067 1369 2125; x_wconf 81' lang='grc' dir='ltr'>ἐπέπαυντο.</span> 
     </span>
    </p>

    <p class='ocr_par' dir='ltr' id='par_1_2' title="bbox 335 2151 2039 3371">
     <span class='ocr_line' id='line_1_24' title="bbox 433 2151 2039 2229; baseline 0.003 -19"><span class='ocrx_word' id='word_1_156' title='bbox 433 2152 663 2228; x_wconf 87' lang='grc' dir='ltr'>Σάρδιες</span> <span class='ocrx_word' id='word_1_157' title='bbox 694 2152 754 2211; x_wconf 85' lang='grc' dir='ltr'>δὲ</span> <span class='ocrx_word' id='word_1_158' title='bbox 787 2154 1018 2227; x_wconf 71' lang='grc' dir='ltr'>ἥλωσαν</span> <span class='ocrx_word' id='word_1_159' title='bbox 1058 2151 1180 2213; x_wconf 77' lang='grc' dir='ltr'>ὦδε.</span> <span class='ocrx_word' id='word_1_160' title='bbox 1270 2151 1457 2228; x_wconf 73' lang='grc' dir='ltr'>ἐπειδή</span> <span class='ocrx_word' id='word_1_161' title='bbox 1491 2152 1943 2229; x_wconf 88' lang='grc' dir='ltr'>τεσσερεσκαιδε-</span> <span class='ocrx_word' id='word_1_162' title='bbox 1962 2157 2039 2217; x_wconf 83' lang='grc'>84</span> 
     </span>
     <span class='ocr_line' id='line_1_25' title="bbox 349 2238 1945 2320; baseline 0.001 -21"><span class='ocrx_word' id='word_1_163' title='bbox 349 2238 492 2315; x_wconf 88' lang='grc' dir='ltr'>κάτη</span> <span class='ocrx_word' id='word_1_164' title='bbox 535 2240 750 2320; x_wconf 86' lang='grc' dir='ltr'>ἐγένετο</span> <span class='ocrx_word' id='word_1_165' title='bbox 783 2240 963 2318; x_wconf 75' lang='grc' dir='ltr'>ἡμέρη</span> <span class='ocrx_word' id='word_1_166' title='bbox 995 2242 1441 2319; x_wconf 76' lang='grc' dir='ltr'>πολιορκεομένῳ</span> <span class='ocrx_word' id='word_1_167' title='bbox 1474 2242 1721 2320; x_wconf 81' lang='grc' dir='ltr'>Κροίσῳ,</span> <span class='ocrx_word' id='word_1_168' title='bbox 1759 2246 1945 2319; x_wconf 85' lang='grc' dir='ltr'>Κῦρος</span> 
     </span>
     <span class='ocr_line' id='line_1_26' title="bbox 343 2326 1945 2410; baseline 0.002 -23"><span class='ocrx_word' id='word_1_169' title='bbox 343 2332 422 2407; x_wconf 74' lang='grc' dir='ltr'>τῇ</span> <span class='ocrx_word' id='word_1_170' title='bbox 447 2326 686 2407; x_wconf 76' lang='grc' dir='ltr'>στρατιῇ</span> <span class='ocrx_word' id='word_1_171' title='bbox 710 2332 782 2407; x_wconf 85' lang='grc' dir='ltr'>τῇ</span> <span class='ocrx_word' id='word_1_172' title='bbox 811 2332 1008 2388; x_wconf 79' lang='grc' dir='ltr'>ἑωυτοῦ</span> <span class='ocrx_word' id='word_1_173' title='bbox 1035 2330 1351 2407; x_wconf 86' lang='grc' dir='ltr'>διαπέμψας</span> <span class='ocrx_word' id='word_1_174' title='bbox 1377 2330 1575 2392; x_wconf 76' lang='grc' dir='ltr'>ἱππέας</span> <span class='ocrx_word' id='word_1_175' title='bbox 1598 2334 1845 2406; x_wconf 83' lang='grc' dir='ltr'>προεῖπε,</span> <span class='ocrx_word' id='word_1_176' title='bbox 1866 2334 1945 2410; x_wconf 76' lang='grc' dir='ltr'>τῷ</span> 
     </span>
     <span class='ocr_line' id='line_1_27' title="bbox 343 2414 1942 2496; baseline 0.003 -22"><span class='ocrx_word' id='word_1_177' title='bbox 343 2414 546 2495; x_wconf 76' lang='grc' dir='ltr'>πρώτῳ</span> <span class='ocrx_word' id='word_1_178' title='bbox 585 2414 844 2492; x_wconf 78' lang='grc' dir='ltr'>ἐπιβάντι</span> <span class='ocrx_word' id='word_1_179' title='bbox 874 2421 975 2477; x_wconf 83' lang='grc' dir='ltr'>τοῦ</span> <span class='ocrx_word' id='word_1_180' title='bbox 1004 2418 1218 2495; x_wconf 90' lang='grc' dir='ltr'>τείχεος</span> <span class='ocrx_word' id='word_1_181' title='bbox 1254 2417 1402 2494; x_wconf 83' lang='grc' dir='ltr'>δῶρα</span> <span class='ocrx_word' id='word_1_182' title='bbox 1436 2415 1650 2477; x_wconf 72' lang='grc' dir='ltr'>δώσειν·</span> <span class='ocrx_word' id='word_1_183' title='bbox 1707 2418 1849 2496; x_wconf 66' lang='grc' dir='ltr'>μετὰ</span> <span class='ocrx_word' id='word_1_184' title='bbox 1880 2419 1942 2479; x_wconf 83' lang='grc' dir='ltr'>δὲ</span> 
     </span>
     <span class='ocr_line' id='line_1_28' title="bbox 343 2504 1939 2585; baseline 0.002 -22"><span class='ocrx_word' id='word_1_185' title='bbox 343 2507 528 2573; x_wconf 78' lang='grc' dir='ltr'>τοῦτο,</span> <span class='ocrx_word' id='word_1_186' title='bbox 554 2504 964 2581; x_wconf 86' lang='grc' dir='ltr'>πειρησαμένης</span> <span class='ocrx_word' id='word_1_187' title='bbox 987 2508 1088 2580; x_wconf 81' lang='grc' dir='ltr'>τῆς</span> <span class='ocrx_word' id='word_1_188' title='bbox 1118 2510 1385 2582; x_wconf 88' lang='grc' dir='ltr'>στρατιῆς</span> <span class='ocrx_word' id='word_1_189' title='bbox 1415 2505 1485 2569; x_wconf 76' lang='grc' dir='ltr'>ὥς</span> <span class='ocrx_word' id='word_1_190' title='bbox 1518 2504 1583 2565; x_wconf 78' lang='grc' dir='ltr'>οὗ</span> <span class='ocrx_word' id='word_1_191' title='bbox 1612 2506 1939 2585; x_wconf 81' lang='grc' dir='ltr'>προεχώρεε,</span> 
     </span>
     <span class='ocr_line' id='line_1_29' title="bbox 345 2590 1941 2670; baseline 0.003 -21"><span class='ocrx_word' id='word_1_192' title='bbox 345 2590 581 2651; x_wconf 83' lang='grc' dir='ltr'>ἐνθαῦτα</span> <span class='ocrx_word' id='word_1_193' title='bbox 603 2595 713 2651; x_wconf 89' lang='grc' dir='ltr'>τῶν</span> <span class='ocrx_word' id='word_1_194' title='bbox 737 2592 930 2652; x_wconf 77' lang='grc' dir='ltr'>ἄλλων</span> <span class='ocrx_word' id='word_1_195' title='bbox 964 2594 1343 2668; x_wconf 81' lang='grc' dir='ltr'>πεπαυμένων,</span> <span class='ocrx_word' id='word_1_196' title='bbox 1371 2593 1509 2670; x_wconf 77' lang='grc' dir='ltr'>α’νῆρ</span> <span class='ocrx_word' id='word_1_197' title='bbox 1544 2593 1775 2670; x_wconf 78' lang='grc' dir='ltr'>Μάρδος</span> <span class='ocrx_word' id='word_1_198' title='bbox 1800 2600 1941 2653; x_wconf 90' lang='grc' dir='ltr'>ἐπει-</span> 
     </span>
     <span class='ocr_line' id='line_1_30' title="bbox 340 2680 1941 2758; baseline 0.004 -21"><span class='ocrx_word' id='word_1_199' title='bbox 340 2682 482 2755; x_wconf 86' lang='grc' dir='ltr'>ρᾶτο</span> <span class='ocrx_word' id='word_1_200' title='bbox 525 2682 906 2757; x_wconf 87' lang='grc' dir='ltr'>προσβαίνων,</span> <span class='ocrx_word' id='word_1_201' title='bbox 959 2684 1036 2758; x_wconf 75' lang='grc' dir='ltr'>τῷ</span> <span class='ocrx_word' id='word_1_202' title='bbox 1081 2680 1293 2757; x_wconf 79' lang='grc' dir='ltr'>οὕνομα</span> <span class='ocrx_word' id='word_1_203' title='bbox 1335 2680 1407 2757; x_wconf 83' lang='grc' dir='ltr'>ἦν</span> <span class='ocrx_word' id='word_1_204' title='bbox 1441 2681 1746 2758; x_wconf 64' lang='grc' dir='ltr'>Ὑροιάδης,</span> <span class='ocrx_word' id='word_1_205' title='bbox 1801 2682 1941 2743; x_wconf 70' lang='grc' dir='ltr'>κατὰ</span> 
     </span>
     <span class='ocr_line' id='line_1_31' title="bbox 340 2767 1939 2880; baseline 0.003 -54"><span class='ocrx_word' id='word_1_206' title='bbox 340 2767 508 2826; x_wconf 82' lang='grc' dir='ltr'>τοῦτο</span> <span class='ocrx_word' id='word_1_207' title='bbox 537 2771 639 2841; x_wconf 87' lang='grc' dir='ltr'>τῆς</span> <span class='ocrx_word' id='word_1_208' title='bbox 669 2767 1004 2843; x_wconf 78' lang='grc' dir='ltr'>ακροπόλιος</span> <span class='ocrx_word' id='word_1_209' title='bbox 1042 2772 1114 2847; x_wconf 82' lang='grc' dir='ltr'>τῇ</span> <span class='ocrx_word' id='word_1_210' title='bbox 1157 2768 1333 2832; x_wconf 76' lang='grc' dir='ltr'>οὐδεὶς</span> <span class='ocrx_word' id='word_1_211' title='bbox 1371 2769 1628 2830; x_wconf 82' lang='grc' dir='ltr'>ἐτέτακτο</span> <span class='ocrx_word' id='word_1_212' title='bbox 1666 2769 1939 2880; x_wconf 80' lang='grc' dir='ltr'>φύλακος·</span> 
     </span>
     <span class='ocr_line' id='line_1_32' title="bbox 342 2850 1941 2936; baseline 0.005 -25"><span class='ocrx_word' id='word_1_213' title='bbox 342 2852 409 2912; x_wconf 81' lang='grc' dir='ltr'>οὐ</span> <span class='ocrx_word' id='word_1_214' title='bbox 431 2850 544 2934; x_wconf 70' lang='grc' dir='ltr'>γάρ</span> <span class='ocrx_word' id='word_1_215' title='bbox 569 2852 640 2928; x_wconf 82' lang='grc' dir='ltr'>ἦν</span> <span class='ocrx_word' id='word_1_216' title='bbox 663 2854 840 2915; x_wconf 75' lang='grc' dir='ltr'>δεινὰν</span> <span class='ocrx_word' id='word_1_217' title='bbox 865 2881 1006 2915; x_wconf 89' lang='grc' dir='ltr'>κατα</span> <span class='ocrx_word' id='word_1_218' title='bbox 1029 2860 1198 2915; x_wconf 84' lang='grc' dir='ltr'>τοῦτο</span> <span class='ocrx_word' id='word_1_219' title='bbox 1222 2855 1303 2933; x_wconf 77' lang='grc' dir='ltr'>μή</span> <span class='ocrx_word' id='word_1_220' title='bbox 1332 2856 1450 2935; x_wconf 83' lang='grc' dir='ltr'>άλῶ</span> <span class='ocrx_word' id='word_1_221' title='bbox 1475 2858 1622 2917; x_wconf 90' lang='grc' dir='ltr'>κοτέ·</span> <span class='ocrx_word' id='word_1_222' title='bbox 1656 2856 1941 2936; x_wconf 75' lang='grc' dir='ltr'>ἀπότομός</span> 
     </span>
     <span class='ocr_line' id='line_1_33' title="bbox 337 2939 1939 3025; baseline 0.003 -24"><span class='ocrx_word' id='word_1_223' title='bbox 337 2966 403 3001; x_wconf 89' lang='grc' dir='ltr'>τε</span> <span class='ocrx_word' id='word_1_224' title='bbox 425 2939 537 3021; x_wconf 89' lang='grc' dir='ltr'>γάρ</span> <span class='ocrx_word' id='word_1_225' title='bbox 565 2946 688 3001; x_wconf 87' lang='grc' dir='ltr'>ἐστι</span> <span class='ocrx_word' id='word_1_226' title='bbox 709 2942 884 3021; x_wconf 83' lang='grc' dir='ltr'>ταύτῃ</span> <span class='ocrx_word' id='word_1_227' title='bbox 908 2942 947 3018; x_wconf 81' lang='grc' dir='ltr'><em>ἦ</em></span> <span class='ocrx_word' id='word_1_228' title='bbox 980 2941 1284 3019; x_wconf 86' lang='grc' dir='ltr'>ακρόπολις</span> <span class='ocrx_word' id='word_1_229' title='bbox 1321 2945 1413 3003; x_wconf 84' lang='grc' dir='ltr'>καὶ</span> <span class='ocrx_word' id='word_1_230' title='bbox 1444 2944 1679 3025; x_wconf 78' lang='grc' dir='ltr'>ἄμαχος·</span> <span class='ocrx_word' id='word_1_231' title='bbox 1717 2950 1789 3023; x_wconf 80' lang='grc' dir='ltr'>τῇ</span> <span class='ocrx_word' id='word_1_232' title='bbox 1814 2946 1939 3006; x_wconf 73' lang='grc' dir='ltr'>οὐδὲ</span> 
     </span>
     <span class='ocr_line' id='line_1_34' title="bbox 339 3028 1935 3109; baseline 0.004 -23"><span class='ocrx_word' id='word_1_233' title='bbox 339 3028 568 3104; x_wconf 80' lang='grc' dir='ltr'>Μήλης,</span> <span class='ocrx_word' id='word_1_234' title='bbox 610 3055 641 3088; x_wconf 93' lang='grc' dir='ltr'>ο</span> <span class='ocrx_word' id='word_1_235' title='bbox 686 3030 956 3107; x_wconf 90' lang='grc' dir='ltr'>πρότερον</span> <span class='ocrx_word' id='word_1_236' title='bbox 1009 3031 1289 3106; x_wconf 85' lang='grc' dir='ltr'>βασιλευς</span> <span class='ocrx_word' id='word_1_237' title='bbox 1335 3033 1599 3109; x_wconf 80' lang='grc' dir='ltr'>Σαρδίων,</span> <span class='ocrx_word' id='word_1_238' title='bbox 1646 3033 1823 3109; x_wconf 81' lang='grc' dir='ltr'>μούνῃ</span> <span class='ocrx_word' id='word_1_239' title='bbox 1870 3058 1935 3092; x_wconf 96' lang='grc' dir='ltr'>ου</span> 
     </span>
     <span class='ocr_line' id='line_1_35' title="bbox 337 3115 1933 3195; baseline 0.001 -20"><span class='ocrx_word' id='word_1_240' title='bbox 337 3115 645 3192; x_wconf 83' lang='grc' dir='ltr'>περιήνεικε</span> <span class='ocrx_word' id='word_1_241' title='bbox 669 3116 768 3176; x_wconf 80' lang='grc' dir='ltr'>τόν</span> <span class='ocrx_word' id='word_1_242' title='bbox 792 3119 994 3177; x_wconf 88' lang='grc' dir='ltr'>λέοντα</span> <span class='ocrx_word' id='word_1_243' title='bbox 1026 3116 1124 3177; x_wconf 85' lang='grc' dir='ltr'>τόν</span> <span class='ocrx_word' id='word_1_244' title='bbox 1152 3121 1206 3177; x_wconf 78' lang='grc' dir='ltr'>οἱ</span> <span class='ocrx_word' id='word_1_245' title='bbox 1235 3118 1273 3193; x_wconf 80' lang='grc' dir='ltr'><em>ἦ</em></span> <span class='ocrx_word' id='word_1_246' title='bbox 1304 3120 1571 3195; x_wconf 74' lang='grc' dir='ltr'>παλλακὴ</span> <span class='ocrx_word' id='word_1_247' title='bbox 1606 3121 1767 3186; x_wconf 85' lang='grc' dir='ltr'>ἔτεκε,</span> <span class='ocrx_word' id='word_1_248' title='bbox 1796 3122 1933 3176; x_wconf 90' lang='grc' dir='ltr'>Τελ-</span> 
     </span>
     <span class='ocr_line' id='line_1_36' title="bbox 335 3203 1934 3283; baseline -0.001 -20"><span class='ocrx_word' id='word_1_249' title='bbox 335 3204 607 3281; x_wconf 88' lang='grc' dir='ltr'>μησσέων</span> <span class='ocrx_word' id='word_1_250' title='bbox 633 3203 975 3264; x_wconf 88' lang='grc' dir='ltr'>δικασάντων</span> <span class='ocrx_word' id='word_1_251' title='bbox 1001 3204 1074 3267; x_wconf 76' lang='grc' dir='ltr'>ὥς</span> <span class='ocrx_word' id='word_1_252' title='bbox 1097 3207 1559 3283; x_wconf 88' lang='grc' dir='ltr'>περιενειχθέντος</span> <span class='ocrx_word' id='word_1_253' title='bbox 1582 3208 1683 3263; x_wconf 83' lang='grc' dir='ltr'>τοῦ</span> <span class='ocrx_word' id='word_1_254' title='bbox 1707 3204 1934 3266; x_wconf 85' lang='grc' dir='ltr'>λέοντος</span> 
     </span>
     <span class='ocr_line' id='line_1_37' title="bbox 335 3287 1933 3371; baseline -0.004 -20"><span class='ocrx_word' id='word_1_255' title='bbox 335 3290 403 3351; x_wconf 77' lang='grc' dir='ltr'>τδ</span> <span class='ocrx_word' id='word_1_256' title='bbox 437 3296 620 3371; x_wconf 83' lang='grc' dir='ltr'>τεῖχος</span> <span class='ocrx_word' id='word_1_257' title='bbox 657 3292 882 3352; x_wconf 83' lang='grc' dir='ltr'>ἔσονται</span> <span class='ocrx_word' id='word_1_258' title='bbox 918 3291 1147 3368; x_wconf 87' lang='grc' dir='ltr'>Σάρδιες</span> <span class='ocrx_word' id='word_1_259' title='bbox 1184 3290 1478 3349; x_wconf 75' lang='grc' dir='ltr'>ἀνάλωτοι.</span> <span class='ocrx_word' id='word_1_260' title='bbox 1559 3288 1594 3347; x_wconf 81' lang='grc' dir='ltr'>ὁ</span> <span class='ocrx_word' id='word_1_261' title='bbox 1629 3287 1690 3344; x_wconf 83' lang='grc' dir='ltr'>δὲ</span> <span class='ocrx_word' id='word_1_262' title='bbox 1725 3288 1933 3363; x_wconf 83' lang='grc' dir='ltr'>Μήλης</span> 
     </span>
    </p>
   </div>
  </div>
 </body>
</html>
