2267 3517
307 90 404 144 170
919 94 1278 143 ἨΡοΔοτοτ
1806 96 1905 161 [11.

305 171 565 247 μηχανήν
593 170 807 231 ἐτίθετο
833 174 1122 231 ἑστεῶσαν
1148 172 1242 230 ἐπὶ
1271 175 1374 232 τοῦ
1398 170 1622 249 πρώτου
1647 176 1908 253 στοίχου·

306 256 425 315 οἶπό
455 256 655 338 τούτου
691 255 752 316 δὲ
787 257 880 315 ἐπὶ
914 256 1014 317 τόν
1044 256 1298 334 δεύτερον
1325 258 1520 319 ἕλκετο
1553 263 1791 339 στοῖχον
1821 262 1909 320 ἐπ’

305 342 487 418 ἄλλης
510 348 783 422 μηχανῆς·
826 342 957 403 ὅσοι
980 343 1091 425 γὰρ
1119 344 1188 420 δή
1217 348 1444 424 στοῖχοι
1467 344 1618 421 ἦσαν
1641 352 1754 407 τῶν
1779 346 1907 409 άνα-

304 430 547 507 βαθμῶν
580 434 854 490 τοσαῦται
894 432 986 490 καὶ
1026 434 1085 490 αἰ
1122 432 1374 511 μηχαναὶ
1413 431 1581 507 ἦσαν·
1625 435 1676 493 εἴ
1711 460 1776 493 τε
1815 437 1909 496 καὶ

304 517 409 594 τῆν
434 516 607 594 αὖτῆν
630 517 891 596 μηχανῆν
917 522 1123 580 ἐοῦσαν
1148 520 1284 595 μίαν
1307 544 1370 579 τε
1398 521 1490 580 καὶ
1518 519 1909 596 εὐβάστακτον

304 604 649 684 μετεφόρεον
695 605 788 665 ἐπὶ
833 609 1070 685 στοῖχον
1116 607 1373 679 ἕκαστον,
1416 606 1557 672 ὅκως
1601 607 1702 669 τὸν
1745 610 1910 671 λίθον

307 693 566 763 ἐξέλοιεν·
608 694 862 773 λελέχθω
892 692 1003 774 γοῖρ
1035 693 1174 771 ἤμῖν
1206 693 1291 754 ἐπ’
1320 694 1633 772 ἀμφότερα,
1661 696 1907 775 κατάπερ

306 781 550 862 λέγεται.
620 780 916 857 ἐξεποιήθη
944 780 990 840 δ’
1018 780 1092 841 ὦν
1115 780 1190 842 τσῖ
1216 781 1470 842 οἷνῶτατα
1495 781 1669 859 αὐτῆς
1693 788 1905 861 πρῶτα·

305 868 449 945 μετὰ
474 868 550 939 δὲ,
576 868 651 930 ταῖ
682 868 925 946 ἑπόμενα
950 868 1160 930 τούτων
1187 869 1483 939 ἐξεποίευν·
1523 874 1816 931 τελευταῖα
1847 872 1908 933 δὲ

224 988 231 993 ·
307 955 478 1032 αὐτῆς
526 956 600 1017 τὰ
652 958 879 1038 ἐπίγαια
930 958 1025 1017 καὶ
1075 956 1150 1017 τά
1202 957 1496 1017 κατωτάτω
1551 958 1904 1034 ἐξεποίησαν.

304 1044 660 1121 σεσήμανται
712 1044 773 1104 δὲ
824 1043 915 1104 διὰ
960 1044 1304 1126 γραμμάτων
1357 1045 1675 1125 Αἰγυπτίων
1721 1052 1780 1107 ἐν
1831 1051 1906 1125 τῇ

305 1133 591 1210 πυραμίδι,
619 1131 733 1194 ὅσα
764 1133 819 1203 ἔς
850 1157 913 1193 τε
938 1134 1222 1210 συρμαίην
1247 1133 1339 1193 καὶ
1366 1132 1626 1211 κρόμμυα
1651 1133 1744 1193 καὶ
1771 1135 1905 1195 σκό-

302 1220 443 1297 ροδα
482 1220 835 1298 ἀναισιμώθη
872 1223 1029 1281 τοῖσι
1070 1221 1512 1302 ἐργαζομένοισι·
1560 1222 1655 1280 καί
1696 1220 1768 1285 ὥς
1807 1225 1906 1299 ἐμὲ

306 1305 367 1367 εὖ
405 1310 731 1386 μεμνῆσθαι
776 1306 849 1369 τοὶ
889 1306 922 1367 ὅ
962 1307 1224 1385 ἑρμηνεύς
1261 1334 1362 1386 μοι
1402 1308 1796 1389 ἐπιλεγόμενος
1831 1310 1904 1371 τοὶ

302 1394 608 1475 γράμματα
646 1398 775 1471 ἔφη,
812 1393 1077 1465 ἑξακόσια
1113 1396 1207 1456 καὶ
1243 1396 1409 1475 χίλια
1446 1395 1699 1457 τάλαντα
1737 1395 1904 1479 οἷργυ-

302 1482 426 1558 ρίου
464 1483 814 1543 τετελέσθαι.
898 1486 947 1542 εἰ
986 1480 1033 1541 δ’
1076 1484 1200 1543 ἔστι
1247 1482 1417 1547 οὕτως
1464 1485 1664 1563 ἔχοντα
1707 1489 1902 1558 ταῦτα,

304 1567 451 1630 κόσα
486 1568 630 1633 εἰκός
662 1568 817 1629 ἅλλα
852 1569 1278 1646 δεδαπανῆσθαί
1314 1576 1438 1631 ἐστι
1479 1572 1532 1635 ἔς
1570 1597 1632 1631 τε
1673 1573 1904 1650 σίδηρον

302 1660 379 1737 τῷ
414 1657 727 1740 ἐργάζοντο,
766 1658 860 1718 καὶ
900 1659 1057 1719 σιτία
1096 1660 1191 1718 καὶ
1231 1660 1448 1736 ἐσθῆτα
1481 1662 1639 1720 τοῖσι
1678 1662 1901 1742 ἐργαζο-

304 1746 525 1821 μένοισι
540 1771 559 1816 3
601 1746 763 1807 ὁκότε
792 1746 997 1825 χρόνον
1029 1749 1133 1823 μὲν
1171 1746 1492 1823 οἰκοδόμεον
1521 1746 1594 1807 τοὶ
1631 1748 1764 1829 ἔργα
1800 1748 1902 1810 τᾶν

302 1834 602 1911 εἰρημένον,
626 1833 806 1895 ἄλλον
826 1835 902 1906 δὲ,
926 1833 997 1898 ὥς
1024 1834 1132 1916 ἐγώ
1161 1834 1348 1905 δοκέω,
1371 1839 1430 1895 ἐν
1452 1838 1530 1914 τῷ
1552 1834 1683 1899 τούς
1707 1836 1900 1901 λίθους

301 1922 538 1999 ἔταμνον
562 1921 655 1982 καὶ
680 1920 839 2005 ἄγον,
862 1923 954 1983 καὶ
978 1922 1044 1983 τό
1071 1922 1182 1984 ὑπὸ
1208 1926 1319 2005 γῆν
1345 1922 1565 2003 ὄρυγμα
1585 1921 1897 2005 ἐργάζοντο,

209 2011 321 2071 126
340 2009 441 2071 οὐκ
482 2010 679 2093 ὀλίγον
717 2010 939 2091 χρόνον.
1020 2009 1119 2074 Ἐς
1157 2014 1327 2072 τοῦτο
1369 2010 1428 2070 δὲ
1475 2011 1661 2071 ἐλθεῖν
1701 2012 1900 2071 Χέοπα

299 2098 617 2177 κακότητος,
655 2098 801 2161 ὥστε
833 2098 1134 2180 χρημάτων
1167 2098 1445 2176 δεόμενον,
1479 2098 1584 2175 τῆν
1621 2099 1900 2179 θυγατέρα

297 2188 403 2265 τῆν
456 2192 656 2249 ἑωυτοῦ
719 2189 1026 2249 κατίσαντα
1084 2184 1170 2247 ἐπ’
1223 2186 1523 2263 οἰκήματος
1580 2185 1898 2264 προστάξαι

300 2276 667 2355 πρήσσεσθαι
718 2274 981 2357 ἀργύριον
1032 2273 1241 2335 ὁκόσον
1292 2273 1363 2350 δή
1407 2300 1482 2335 τι·
1541 2274 1607 2334 οὗ
1659 2274 1770 2355 γοίρ
1827 2274 1896 2351 δὴ

298 2362 466 2423 τοῦτό
490 2389 558 2444 γε
584 2364 799 2444 ἔλεγον·
838 2362 943 2439 τήν
969 2362 1029 2422 δὲ
1058 2361 1133 2421 τά
1154 2386 1218 2422 τε
1251 2361 1362 2422 ivr&
1393 2365 1495 2421 τοῦ
1520 2361 1733 2440 πατρὸς
1760 2388 1896 2442 ταχ-

300 2449 465 2511 θέντα
504 2449 887 2528 πρήσσεσθαι,
931 2449 1038 2529 ἰδίῃ
1079 2449 1140 2509 δὲ
1180 2449 1273 2509 καί
1313 2448 1487 2525 αὐτὴν
1533 2450 1896 2527 διανοηθῆναι

296 2537 575 2616 μνημήῖον
598 2538 1026 2608 καταλιπέσθαι,
1049 2538 1142 2595 καὶ
1166 2542 1268 2597 τοῦ
1291 2538 1540 2602 ἐσιόντος
1563 2538 1706 2617 πρός
1724 2538 1898 2615 αὐτὴν

298 2626 537 2687 ἑκάστου
579 2626 805 2687 δέεσθαι
844 2625 981 2689 ὅκως
1021 2623 1089 2685 ἂν
1126 2624 1270 2705 αὐτῇ
1308 2626 1404 2687 ἕνα
1442 2627 1606 2687 λίθον
1646 2631 1705 2687 ἐν
1743 2631 1898 2687 τοῖσι

298 2715 516 2795 ἔργοισι
551 2714 827 2793 δωρέοιτο·
870 2718 931 2774 ἐκ
969 2712 1179 2774 τούτων
1220 2714 1280 2774 δὲ
1317 2717 1428 2775 τῶν
1466 2715 1639 2775 λίθων
1673 2715 1898 2792 ἔφασαν

295 2802 401 2879 τῆν
424 2803 710 2881 πυραμίδα
738 2802 1170 2881 οἰκοδομηθῆναι
1200 2801 1304 2879 τὴν
1330 2807 1388 2863 ἐν
1411 2803 1572 2882 μέσῳ
1595 2807 1706 2864 τῶν
1731 2807 1898 2882 τριῶν

298 2895 609 2969 ἑστηκυῖαν,
652 2892 937 2969 ἔμ’προσθε
975 2884 1089 2968 τῆςο
1121 2890 1376 2972 μεγάλης
1420 2891 1748 2968 πυραμίδος·
1794 2894 1899 2966 τῆς

298 2985 421 3041 ἐστι
450 2980 517 3041 τό
560 2983 743 3040 κῶλον
783 2979 1023 3039 ἕκαστον
1055 2977 1196 3038 ὅλου
1230 2980 1323 3037 καὶ
1355 2977 1592 3055 ἡμίσεος
1623 2978 1895 3055 πλέθρου.

204 3069 317 3129 127
338 3072 695 3129 Βασιλεῧσαι
720 3067 780 3128 δὲ
804 3066 903 3128 τόν
928 3068 1127 3125 Χέοπα
1151 3070 1351 3126 τοῦτον
1377 3064 1673 3146 Αἰγύπτιοι
1701 3066 1898 3145 ἔλεγον

294 3157 638 3233 πεντήκοντα
679 3157 820 3218 ἔτεα·
874 3152 1316 3231 τελευτήσαντος
1358 3153 1418 3213 δὲ
1457 3152 1676 3221 τούτου,
1717 3151 1896 3219 ἐκδέξ-

296 3244 472 3304 ασθαι
495 3245 599 3323 τῆν
631 3242 946 3322 βασιληίην
970 3241 1071 3303 τόν
1096 3239 1376 3317 ἀδελφεὰν
1402 3238 1571 3299 αὐτοῦ
1597 3240 1893 3316 Χεφρῆνα·
