2267 3517
374 130 595 196 95—98]
960 131 1408 182 ΜΕΛΠΟΜΕΝΗ.
1879 135 1974 183 319

456 212 693 284 Δαρεῖος
744 209 805 268 δὲ
858 209 929 272 ὥς
979 208 1212 268 ἀπίκετο
1265 208 1359 268 καὶ
1399 207 1432 268 ὁ
1474 209 1641 279 πεζὰς
1683 209 1778 285 ἅμ’
1823 208 1970 288 αὐτῷ
1987 213 2060 274 97

372 295 615 373 στρατός
642 296 733 354 ἐπὶ
757 295 859 355 τόν
872 293 1118 372 Ἴστρον,
1149 297 1386 356 ἐνθαῦτα
1411 294 1727 371 διαβάντων
1753 295 1974 357 πάντων

375 387 613 459 Δαρεῖος
639 383 900 441 ἐκέλευσε
925 383 1055 446 τοῦς
1069 382 1266 446 Ἴωνας
1303 383 1408 458 τήν
1435 382 1666 459 σχεδίην
1691 381 1976 447 λύσαντας

372 470 607 529 ἔπεσθαι
648 469 765 529 κατ’
806 469 1035 547 ἤπειρον
1077 473 1258 550 ἑωυτῷ
1296 470 1388 528 καὶ
1441 468 1541 529 τόν
1589 473 1650 527 ἐκ
1689 473 1802 530 τῶν
1840 475 1975 531 νεῶν

370 557 637 634 στρατόν·
676 559 1000 634 μελλόντων
1026 557 1086 616 δὲ
1106 561 1218 618 τῶν
1243 557 1440 617 Ἰώνων
1466 556 1621 616 λύειν
1649 558 1742 616 καὶ
1767 560 1974 619 ποιέειν
2038 567 2046 606 ἓ

368 645 445 704 τοὶ
484 645 838 722 κελευόμενα,
873 644 1041 721 Κώης
1075 644 1110 704 ὅ
1141 643 1496 722 Ἐρξάνδρου,
1525 645 1843 726 στρατηγὸς
1869 645 1972 706 ε’ὣν

369 735 780 810 Μυτιληναίων,
824 733 980 803 ἔλεξε
1022 734 1242 812 Δαρείῳ
1286 731 1434 802 τάδε,
1479 731 1790 809 πυθόμενος
1833 733 1968 810 πρό·

367 845 529 896 τερον
557 821 687 880 εἴ.οἶ
712 821 886 896 φίλον
920 821 1005 896 εἴη
1030 819 1257 900 ’γνώμην
1281 819 1657 878 ἀποδέκεσθαι
1683 820 1836 895 παρσῖ
1867 825 1971 880 τοῦ

367 908 723 984 βουλομένου
764 907 1216 969 ἀποδείκνυσθαι·
1251 983 1256 989 ¹
1286 906 1381 966 “13
1419 907 1688 982 βασιλεῦ,
1732 909 1824 966 ἐπὶ
1862 912 1972 988 γῆν

366 994 477 1073 γὰρ
544 997 774 1071 μέλλεις
826 995 1232 1073 στρατεύεσθαι
1294 997 1396 1068 τῆς
1449 992 1576 1060 οὔτε
1627 993 1968 1070 ἀρηρομένον

368 1081 685 1157 ,φανήσεται
724 1081 881 1142 οὐδὲν
920 1081 1046 1142 οὔτε
1085 1081 1252 1144 πόλις
1289 1083 1594 1157 οἰκεομένη,
1631 1081 1706 1140 σύ
1743 1085 1841 1140 νῦν
1875 1082 1965 1162 γε’-

369 1172 555 1244 ,φυραν
604 1169 814 1244 ταύτην
853 1170 917 1229 ἔα
958 1168 1099 1228 κατὰ
1151 1167 1338 1248 χώρην
1387 1167 1628 1238 ἑστάναι,
1679 1167 1968 1244 φυλάκους
2035 1167 2040 1171 ’

369 1254 540 1330 αὐτῆς
570 1260 750 1315 λιπῶν
781 1255 1008 1320 τούτους
1040 1256 1101 1315 οἷ
1126 1280 1232 1331 περ
1263 1281 1362 1331 μιν
1393 1254 1629 1325 ἔζευξαν·
1676 1256 1768 1314 καὶ
1799 1255 1870 1331 ἦν
1900 1282 1963 1316 τε

369 1343 513 1420 κατσῖ
552 1343 681 1403 νόον
722 1343 1017 1422 πρήξωμεν
1058 1342 1308 1419 εὖρόντες
1347 1341 1565 1407 Σκύθας
1595 1343 1735 1402 ἔστι.
1757 1341 1966 1408 ἄποδος

368 1429 519 1506 -ἦμῖν,
561 1429 631 1505 ἤν
668 1455 731 1491 τε
766 1432 858 1489 καὶ
895 1431 977 1508 μή
1013 1438 1198 1507 σφεας
1245 1429 1425 1506 εὖρεῖν
1467 1429 1778 1506 δυνεῶμεθα
1819 1431 1858 1506 ἥ
1897 1457 1966 1512 γε

366 1517 637 1596 αἰτοδοςε
598 1523 735 1594 ημῖν
768 1517 1055 1594 ἀσφαλής·
1098 1545 1162 1577 ου
1199 1517 1308 1598 γοὶρ
1337 1516 1522 1577 ἔδεισά
1557 1545 1633 1577 κω
1671 1519 1753 1595 μὴ
1789 1523 1964 1578 ἑσσω-

366 1591 579 1682 θέωμεν
624 1605 732 1666 akr&
780 1607 1034 1670 Σκυθέων
1074 1605 1250 1684 μάχῃ,
1300 1603 1453 1664 οἷλλα
1501 1609 1728 1681 μᾶλλον
1771 1606 1853 1683 μή
1898 1605 1963 1666 οὗ

366 1690 663 1769 δυνάμενοί
683 1699 869 1769 σφεας
900 1691 1078 1769 εῧρεῖν
1102 1693 1367 1769 πάθωμέν
1401 1718 1460 1752 τι
1493 1691 1786 1769 ἀλώμενοι.
1869 1695 1962 1752 καὶ

364 1774 496 1838 τάδε
522 1780 709 1860 λέγειν
736 1781 879 1856 φαίη
906 1805 990 1844 τις
1026 1779 1095 1840 ἄν
1117 1804 1192 1856 με
1219 1783 1418 1838 ἑωυτοῦ
1457 1780 1674 1850 εἵνεκεν,
1705 1806 1774 1843 ως
1799 1805 1963 1839 κατα-

364 1868 529 1942 μένω·
571 1867 679 1948 ε’γῶ
708 1868 767 1926 δὲ
792 1867 1018 1949 γνώμην
1041 1869 1146 1943 μὲν
1171 1866 1274 1941 τήν
1300 1865 1556 1941 εὕρισκον
1581 1864 1818 1942 ἀρίστην
1845 1891 1958 1937 σοι,

364 1954 633 2029 βασιλεῦ,
661 1959 717 2017 ἐς
753 1956 933 2029 μέσον
967 1957 1138 2031 φέρω·
1189 1952 1354 2016 αὐτός
1381 1952 1572 2027 μέντοι
1609 1953 1821 2030 ἕψομαί
1853 1979 1958 2024 τοι,

366 2040 459 2098 καὶ
501 2040 601 2099 οὐκ
641 2039 709 2100 ἂν
748 2040 1091 2116 λειφθείην.”
1173 2039 1349 2116 κάρτα
1381 2063 1445 2098 τε
1479 2038 1633 2114 ἥσθη
1667 2044 1740 2118 τῇ
1769 2039 1961 2120 γνώμῃ

368 2131 622 2202 Δαρεῖος,
661 2129 759 2188 καί
788 2153 885 2204 μιν
916 2127 1196 2207 ἠμείψατο
1235 2125 1446 2186 τοῖσδε·
1492 2135 1526 2160 “
1544 2126 1686 2196 ξεῖνε
1719 2128 1956 2201 Λέσβιε,

366 2214 640 2278 σωθέντος
672 2219 805 2292 ε’μεΐ
845 2215 1027 2276 ὀπίσω
1068 2221 1123 2279 ἐς
1163 2216 1316 2275 οἶκον
1353 2214 1453 2275 τόν
1487 2213 1621 2291 ε’μόν
1660 2215 1968 2291 ἐπιφάνηθί

365 2326 463 2377 μοι
500 2301 732 2372 πάντως,
768 2303 857 2363 ἵνα
888 2329 960 2363 σε
991 2303 1113 2363 ἀντὶ
1151 2305 1407 2382 χρηστῆς
1439 2303 1796 2378 συμβουλίης
1826 2329 1962 2382 χρη·

366 2391 560 2448 στοῖσι
586 2390 801 2470 ἔργοισι
833 2390 1204 2468 οἷμείψωμαι.”
1285 2393 1474 2449 Ταῦτα
1511 2392 1667 2454 εἴπας
1699 2392 1790 2450 καὶ
1818 2390 1955 2450 άπά-
1977 2394 2055 2452 98

366 2483 477 2552 ψας
503 2475 734 2552 ἅμματα
760 2477 1027 2552 ἑξήκοντα
1058 2483 1117 2537 ἐν
1145 2476 1346 2554 ἱμάντι,
1392 2479 1690 2542 καλέσας’
1665 2505 1721 2542 ες
1749 2479 1954 2560 λόγους

362 2561 493 2625 τούς
532 2561 727 2624 Ἰώνων
759 2563 1055 2641 τυράννους
1095 2567 1254 2644 ἔλεγε
1293 2564 1443 2624 τάδε·
1485 2575 1521 2600 “
1537 2565 1730 2641 ἄνδρες
1758 2565 1958 2634 Ἴωνες,

362 2647 400 2723 ἦ
426 2652 530 2723 μὲν
555 2649 827 2728 πρότερον
856 2651 1049 2733 γνώμη
1075 2652 1520 2731 οἷποδεχθεῖσα’
1494 2679 1549 2716 ες
1574 2678 1677 2727 την
1707 2654 1958 2734 γέφυραν

362 2736 639 2810 μετείσθω
668 2763 786 2814 μοι·
828 2740 1047 2818 ἔχοντες
1082 2741 1142 2798 δὲ
1177 2738 1277 2799 τὸν
1313 2738 1516 2814 ἱμάντα
1549 2739 1708 2800 τόνδε
1743 2741 1960 2800 ποιέετε

360 2823 513 2886 τάδε·
594 2825 763 2900 ἐπεάν
813 2851 886 2902 με
937 2827 1088 2901 ἴδητε
1142 2827 1388 2905 τάχιστα
1444 2827 1816 2904 πορευόμενον
1869 2823 1959 2886 ἐπὶ

364 2911 599 2981 Σκύθας,
647 2910 760 2971 οἷπό
808 2913 1006 2972 τούτου
1054 2912 1354 2990 ἀρξάμενοι
1401 2918 1501 2972 τοῦ
1547 2913 1750 2991 χρόνου
1796 2914 1960 2972 λύετε

360 2997 523 3074 ἅμμα
551 3000 609 3058 ἓν
636 2999 871 3074 ἑκάστης
906 3000 1133 3076 ημέρης·
1177 3001 1247 3076 ἢν
1280 3001 1394 3060 δὲ’
1369 3027 1426 3060 εν
1457 3001 1632 3059 τούτω
1663 3004 1741 3077 τῷ
1775 3000 1956 3079 χρόνῳ

358 3085 440 3160 μη
497 3086 700 3164 παρέω,
752 3085 909 3146 οἷλλα
950 3088 1278 3156 διεξέλθωσι
1319 3087 1448 3164 υμῖν
1492 3091 1550 3144 αἱ
1601 3085 1806 3162 ἧμεραι
1844 3091 1954 3146 τῶν

358 3172 647 3250 οἶμμάτων,
674 3173 1047 3234 α’ποπλεετε’
1021 3201 1075 3238 ες
1103 3173 1209 3250 τήν
1243 3174 1511 3251 υμετέρην
1550 3171 1746 3231 aia-‹fiv-
1787 3173 1957 3252 μέχρι

358 3259 419 3319 δὲ
457 3261 675 3334 τούτου,
716 3262 842 3321 ἐπεί
874 3285 937 3322 τε
976 3261 1119 3322 οὕτω
1157 3261 1434 3337 μετέδοξε,
1477 3257 1812 3334 φυλάσσετε
1852 3260 1934 3334 τῆ
