2267 3517
384 85 668 150 135-137]
1055 86 1323 136 eAAmA.
1884 91 1979 140 267

382 165 584 226 κεσθαι
627 166 758 242 ἔφη.
839 164 1225 241 ἐντειλάμενος
1264 165 1325 226 δὲ
1366 165 1461 224 καὶ
1503 163 1686 244 τούτῳ
1726 170 1907 226 ταῦτα
1948 167 1983 226 ὁ

379 255 620 328 Δαρεῖος
643 250 991 312 ἀποστέλλει
1017 251 1217 316 αὐτοῦς
1243 252 1337 312 ε’πὶ
1362 252 1685 312 θάλασσαν.

464 332 833 408 Καταβάντες
860 332 920 392 δὲ
947 330 1104 393 οὗτοι
1131 337 1187 396 ἐς
1212 334 1473 409 Φοινίκην
1500 334 1593 392 καὶ
1608 333 1864 410 Φοινίκης
1890 337 1946 398 ἔς
1961 336 2074 395 136

380 419 598 484 Σιδῶνα
623 419 810 489 πόλιν,
838 419 1036 480 αὐτίκα
1069 421 1174 496 μὲν
1198 419 1455 497 τριήρεας
1492 419 1591 480 δύο
1628 419 1981 497 ἐπλήρωσαν,

377 505 496 585 ἅμα
526 508 588 568 δὲ
626 507 837 586 αὕτῇσι
871 509 963 567 καὶ
992 507 1209 587 γαυλὸν
1233 509 1413 588 μέγαν
1438 509 1713 567 παντοίων
1738 507 1981 587 οἷγαθῶν.

375 595 894 672 παρεσκευασμένοι
934 595 994 654 δὲ
1029 592 1218 654 πάντα
1250 596 1451 656 ἔπλεον
1476 600 1533 658 ἐς
1566 594 1672 670 τήν
1706 594 1978 655 Ἑλλάδα·

375 684 786 762 προσίσχοντες
825 682 902 752 δὲ,
932 681 1102 756 αὐτῆς
1136 681 1209 742 τσῖ
1240 683 1689 760 παραθαλάσσια
1714 684 1973 760 ἐθηεῦντο

375 770 469 829 καὶ
500 770 917 854 ἀπεγράφοντο·
959 774 1014 832 ἐς
1040 768 1074 828 ὃ
1099 769 1172 829 τσῖ
1196 769 1392 830 πολλὰ
1426 769 1597 846 αὐτῆς
1622 770 1715 830 καὶ
1742 770 1975 848 οὖνομαὲ

374 856 624 918 στότατα
665 857 1004 935 θεησάμενοι
1044 856 1311 917 ἀπίκοντο
1350 860 1452 934 τῆς
1490 855 1734 934 Ἰταλίης
1770 862 1826 922 ἐς
1864 859 1972 918 Τοί-

371 970 566 1021 ραντα.
635 947 872 1007 ἐνθαῦτα
913 945 974 1004 δὲ
1016 949 1076 1004 ἔκ
1120 944 1408 1022 ῥηστώνης
1448 947 1551 1020 τῆς
1598 945 1973 1022 Δημοκήδεος,

372 1031 837 1110 Ἀριστοφιλίδης
875 1036 987 1094 τῶν
1025 1034 1375 1111 Ταραντίνων
1414 1032 1447 1092 ὅ
1486 1032 1768 1110 βασιλεῦς
1807 1037 1983 1094 τοῦτο.

371 1122 477 1196 μὲν
501 1121 573 1180 τοὶ
597 1120 848 1196 πηδάλια
873 1122 1164 1198 παρέλυσε
1189 1124 1299 1181 τῶν
1326 1119 1619 1197 Μηδικέων
1644 1125 1792 1191 νεῶν,
1809 1124 1976 1182 τοῦτο

372 1207 433 1266 δὲ
471 1206 671 1272 αὐτοῦς
701 1207 829 1272 τούς
861 1209 1092 1285 Πέρσας
1125 1208 1249 1285 ἔρξε
1288 1208 1359 1272 ὦς
1390 1207 1777 1272 κατασκόπους
1800 1208 1967 1284 δῆθεν

372 1293 581 1358 ε’όντας·
623 1300 682 1355 ἐν
709 1293 752 1374 ᾧ
787 1295 846 1354 δὲ
879 1293 1032 1356 οὗτοι
1062 1300 1241 1356 ταῦτα
1273 1297 1542 1376 ἔπασχον,
1570 1295 1601 1356 ὁ
1636 1296 1972 1373 Δημοκήδης

370 1387 428 1447 ε’ς
451 1382 556 1458 τὴν
583 1383 854 1462 Κρότωνα
879 1382 1215 1445 ἀπικνέεται·
1244 1382 1553 1466 α’πιγμένου
1571 1383 1629 1442 δὲ
1648 1383 1753 1460 ἤδη
1771 1384 1970 1444 τούτου

369 1474 425 1534 ἐς
449 1470 553 1547 τήν
579 1474 798 1542 ἑωυτοῦ,
826 1470 859 1531 ὁ
883 1471 1349 1548 Ἀριστοφιλίδης
1370 1473 1543 1545 ἔλυσε
1567 1471 1695 1536 τούς
1722 1472 1967 1549 Πέρσας,

367 1560 463 1618 καὶ
485 1558 556 1618 τᾶ.
583 1560 880 1638 παρέλαβε
905 1563 1014 1620 τῶν
1033 1563 1169 1620 νεῶν
1184 1559 1431 1619 ἀπέδωκέ
1456 1567 1586 1636 σφι.
1646 1560 1927 1644 Πλέοντες
1948 1561 2058 1620 137

365 1646 427 1708 δὲ
451 1648 700 1708 ἐνθεῦτεν
725 1651 781 1708 οἱ
807 1649 1032 1726 Πέρσαι
1057 1648 1151 1706 καὶ
1178 1646 1463 1712 διώκοντες
1483 1647 1819 1724 Δημοκήδεα
1844 1646 1964 1707 οἷπι·
2012 1709 2016 1714 ,

365 1737 616 1798 κνέονται
660 1742 715 1802 ἐς
759 1736 864 1812 τήν
906 1735 1195 1813 Κρότωνα,
1240 1735 1489 1812 εὖρόντες
1528 1735 1591 1794 δέ
1628 1760 1727 1812 μιν
1766 1734 1967 1815 οἶγοροῖ-

363 1824 547 1896 ζοντα,
583 1824 828 1885 ἅπτοντο
862 1823 1054 1884 αὖτοῦ·
1097 1827 1208 1884 τῶν
1240 1823 1300 1882 δὲ
1332 1823 1758 1898 Κροτωνιητέων
1784 1825 1839 1882 οἱ
1861 1824 1967 1900 μὲν

365 1913 832 1988 καταρρωδέοντες
854 1911 926 1972 τοὶ
955 1911 1214 1990 Περσικοὶ
1239 1910 1545 1992 πρήγματα
1560 1910 1807 1988 προϊέναι
1828 1913 1965 1970 ἑτοῖ-

364 2022 464 2072 μοι
488 1999 655 2073 ἦσαν,
683 2003 738 2059 οἶ
774 1999 835 2059 δὲ
869 1999 1217 2061 ἅντοῖπτοντό
1240 2025 1305 2060 τε
1330 1999 1424 2058 καὶ
1449 2001 1603 2059 τοῖσι
1629 1997 1965 2058 σκυτάλοισι

365 2084 557 2144 ἔπαιον
581 2085 711 2151 τούς
737 2088 984 2164 Πέρσας,
1010 2086 1457 2166 προϊσχομένους
1483 2087 1618 2145 ἔπεα
1642 2083 1792 2155 τάδε·
1820 2092 1855 2119 “
1871 2083 1962 2143 ἅν-

364 2170 488 2248 δρες
515 2177 912 2250 Κροτωνιῆται,
939 2174 1106 2251 ὁρᾶτε
1131 2175 1204 2235 τοὶ
1228 2174 1463 2247 ποιέετε·
1496 2172 1667 2251 ἄνδρα
1684 2172 1963 2248 βασιλέος

363 2259 640 2337 δρηπέτην
664 2261 960 2342 γενόμενον
988 2263 1323 2340 ἐξαιρέεσθε·
1353 2263 1444 2322 καὶ
1472 2266 1577 2325 κῶς
1600 2264 1774 2321 ταῦτα
1788 2261 1959 2336 βασι-

361 2348 456 2408 λέῖ
492 2350 708 2428 Δαρείῳ
739 2350 1006 2428 ἐκχρήσει
1042 2350 1478 2428 περιϋβρίσθαις
1521 2353 1627 2412 :effis-
1653 2349 1713 2408 δὲ
1737 2348 1866 2426 ὖμῖν
1890 2348 1963 2408 τοὶ

361 2435 662 2512 ποιεύμενα
689 2437 798 2506 ἔξει
825 2441 1024 2510 καλῶς,
1051 2436 1120 2514 ἢν
1147 2436 1442 2513 ἀπέλησθε
1467 2437 1675 2514 ἤμέας;
1718 2437 1809 2496 ἐπὶ
1835 2435 1959 2496 τίνα

362 2523 423 2584 δὲ
459 2524 638 2600 τῆσδε
675 2524 953 2602 προτέρην
991 2524 1455 2602 στρατευσόμεθα
1494 2524 1699 2594 πόλιν;
1740 2523 1865 2584 τίνα
1899 2524 1958 2584 δὲ

359 2612 638 2689 προτέρην
661 2611 1164 2691 ἀνδραποδίζεσθαι
1189 2611 1575 2690 πειρησόμεθα
1592 2611 1642 2682 ;”
1672 2614 1846 2672 ταῦτα
1866 2613 1954 2669 λέ-

359 2725 553 2781 γοντες
575 2699 705 2764 τούς
731 2700 1122 2778 Κροτωνιήτας
1150 2700 1249 2760 οὐκ
1277 2699 1351 2760 ὧν
1379 2701 1615 2761 ἔπειθον·
1655 2698 1787 2758 ἀλλ’
1815 2700 1955 2768 ε”ξαι-

358 2787 609 2864 ρεθέντες
646 2813 710 2849 τε
741 2788 842 2849 τὸν
870 2789 1207 2866 Δημοκήδεα
1234 2789 1327 2847 καὶ
1351 2787 1451 2849 τόν
1472 2787 1688 2869 γαυλὸν
1712 2787 1812 2848 τόν
1836 2785 1956 2863 ἅμα

358 2873 566 2956 ἤγοντο
601 2871 986 2953 ἀπαιρεθέντες
1011 2875 1298 2936 ἀπέπλεον
1323 2875 1505 2936 ὀπίσω
1532 2880 1587 2938 ἐς
1611 2875 1715 2950 τήν
1737 2873 1954 2948 Ἀσίην,

359 2962 473 3022 οὐδ’
513 2964 592 3022 ἔτι
633 2963 907 3040 ἐζήτησαν
941 2962 1008 3024 τό
1044 2964 1379 3041 προσωτέρω
1404 2967 1503 3038 τῆς
1528 2961 1805 3023 Ἑλλάδος
1832 2958 1956 3018 οἷπι-

361 3050 585 3127 κόμενοι
623 3053 898 3134 ἐκμαθεῖν,
928 3052 1287 3128 ἐστερημένοι
1317 3055 1417 3110 τοῦ
1450 3049 1741 3130 ἡγεμόνος.
1822 3071 1956 3106 τοσ-

359 3139 484 3200 όνδε
533 3140 724 3217 μέντοι
779 3138 1090 3200 ἐνετείλατό
1134 3145 1247 3214 σφι
1294 3136 1628 3214 Δημοκήδης
1682 3133 1949 3214 ἀναγομέ-

357 3253 524 3300 νοισι,
566 3228 802 3289 κελεύων
842 3231 1016 3287 εἰπεῖν
1054 3226 1241 3302 σφέας
1281 3223 1497 3300 Δαρείῳ
1542 3221 1630 3282 ὅτι
1675 3219 1952 3298 ἅρμοσται
