2267 3517
340 172 403 219 98
960 171 1327 223 ἨΡΟΔΟΤΟΤ
1867 172 1941 238 [I.

336 246 602 331 αγάγοιεν
620 248 827 323 πάσας,
845 255 901 315 ἐς
921 252 980 313 ἓν
1002 254 1210 333 χωρίον
1229 250 1542 333 ἐσάγεσκον
1565 249 1755 316 οἶλέας·
1781 252 1945 330 πέριξ

338 336 400 397 δὲ
419 335 590 401 αὖτᾶς
616 338 815 399 ἵστατο
840 338 1040 417 ὅμιλος
1058 340 1291 419 ἀνδρῶν·
1319 339 1550 403 ἀνιστὰς
1568 339 1627 399 δὲ
1647 338 1789 400 κατὰ
1807 342 1944 417 μίαν

337 423 581 501 ἐκάστην
597 425 773 504 κήρυξ
785 427 1091 498 πωλέεσκε,
1107 431 1304 505 πρῶτα
1322 430 1426 503 μὲν
1438 426 1544 502 τήν
1560 426 1944 504 εὐειδεστάτην

336 516 401 572 ἐκ
451 514 695 586 πασέων,
746 515 891 591 μετὰ
942 516 1019 586 δὲ,
1062 514 1201 580 ὅκως
1252 514 1392 591 αὕτη
1434 514 1676 593 εύροῦσα
1717 516 1943 577 πολλὸν

334 601 573 678 χρυσίον
610 603 867 681 πρηθείη,
894 601 1080 680 ἄλλην
1115 603 1465 681 οἷνεκήρυσσε
1503 602 1542 680 ἢ
1579 601 1699 680 μετ’
1732 604 1943 681 ἐκείνην

337 688 471 749 ἔσκε
520 688 895 768 εὗειδεστάτη·
964 692 1280 752 ἐπωλέοντο
1334 692 1394 752 δὲ
1448 692 1540 751 ἐπὶ
1594 690 1939 767 συνοικήσει·

336 774 468 837 ὅσοι
489 779 595 855 μὲν
620 777 690 855 δή
718 780 885 840 ἔσκον
909 778 1225 857 εὖδαίμονες
1266 783 1376 840 τῶν
1407 778 1786 854 Βαβυλωνίων
1826 780 1942 839 ἐπί-

332 889 525 945 γαμοι,
550 865 1010 945 ὑπερβάλλοντες
1037 867 1330 944 ἀλλήλους
1355 866 1647 937 ἐξωνέοντο
1671 865 1773 930 τὰς
1805 871 1940 926 καλ-

333 952 725 1018 λιστευούσας·
785 954 917 1015 ὅσοι
967 956 1028 1015 δέ
1075 960 1178 1017 τοῦ
1221 954 1400 1033 δήμου
1446 956 1613 1016 ἔσκον
1658 954 1939 1036 ἐπίγαμοι,

338 1036 495 1101 οὗτοι
520 1042 582 1101 δέ
624 1042 795 1107 εἴδεος
832 1043 936 1120 μὲν
974 1042 1132 1105 οῦδὲν
1160 1042 1377 1103 ἐδέοντο
1402 1044 1673 1122 χρηστοῦ,
1700 1045 1756 1102 οῖ
1785 1042 1832 1101 δ’
1873 1041 1942 1103 ἂν

330 1128 598 1211 χρήματά
640 1156 704 1191 τε
750 1132 844 1191 καὶ
900 1131 1192 1212 αἰσχίονας
1236 1131 1547 1209 παρθένους
1592 1128 1938 1206 ἐλάμβανον·

332 1215 407 1279 ὥς
429 1216 541 1299 γὰρ
568 1217 843 1288 διεξέλθοι
867 1218 901 1280 ὅ
942 1219 1117 1296 κήρυξ
1155 1219 1388 1279 πωλέων
1415 1214 1516 1281 τὰς
1558 1216 1940 1283 εὐειδεστάτας

330 1306 444 1365 τῶν
482 1305 787 1382 παρθένων,
828 1306 1033 1383 ’ἀνίστη
1075 1304 1146 1366 ἂν
1185 1306 1290 1382 τὴν
1333 1303 1772 1385 ἀμορφεστάτην
1811 1303 1854 1382 ἢ
1889 1308 1942 1367 εἴ

331 1416 417 1454 τις
468 1390 675 1453 αὐτέων
728 1395 975 1472 ἔμπηρος
1025 1393 1113 1470 ἦν,
1171 1394 1263 1453 καὶ
1313 1392 1526 1469 ταύτην
1571 1391 1934 1471 οἶνεκήρυσσε,

335 1476 496 1542 ὅστις
543 1479 704 1540 θέλοι
750 1478 1057 1558 ἐλάχιστον
1101 1480 1340 1560 χρυσίον
1384 1478 1586 1556 λαβῶν
1632 1482 1937 1543 συνοικέειν

334 1563 498 1644 αὐτῇ·
540 1570 595 1630 ἐς
620 1566 654 1628 ὃ
678 1572 755 1648 τῷ
778 1566 845 1629 τό
873 1567 1180 1648 ἐλάχιστον
1202 1568 1560 1648 ὑπισταμένῳ
1577 1569 1934 1644 προσεκέετο·

330 1652 399 1713 τὰ
424 1653 485 1713 δὲ
510 1649 581 1714 ἂν
619 1652 861 1734 χρυσίον
902 1657 1114 1736 ἐγίνετο
1140 1653 1254 1717 οἷπδ
1294 1659 1404 1716 τῶν
1447 1654 1692 1715 εὐειδέων
1730 1658 1936 1735 παρθέ-

330 1766 456 1802 νων·
499 1742 591 1802 καὶ
616 1741 758 1803 οὕτω
785 1746 845 1802 αἱ
870 1741 1148 1820 εὔμορφοι
1173 1742 1273 1806 τὰς
1315 1741 1621 1855 α’μόρφους
1643 1744 1736 1803 καὶ
1762 1743 1936 1823 ἐμπή-

330 1854 463 1906 ρους
488 1830 825 1900 ἐξεδίδοσαν.
909 1831 1160 1892 ἐκδοῦναι
1190 1831 1252 1890 δὲ
1281 1829 1386 1906 τὴν
1418 1834 1621 1891 ἑωυτοῦ
1661 1830 1936 1943 θυγατέρα

331 1915 469 1997 ὅτεω
491 1916 823 1995 βούλοιτο”
794 1943 1031 1982 εκαστος
1056 1918 1157 1980 οὖκ
1184 1918 1330 1995 ἐξῆν,
1352 1916 1541 1979 ουδε”
1505 1943 1634 1979 ανευ
1661 1921 1937 2001 ἐγγυητέω
1965 1994 1970 2000 ¹

330 2002 730 2088 ἀπαγαγέσθαι
763 2005 871 2082 τὴν
910 2006 1189 2085 παρθένον
1218 2006 1539 2085 πριάμενον,
1566 2004 1699 2065 ἀλλ’
1740 2011 1936 2089 ἐγγη-

328 2092 431 2157 τοῖς
472 2098 620 2173 χρῆν
666 2093 1105 2171 καταστήσαντα
1149 2094 1189 2172 ἦ
1234 2094 1348 2173 μὴν
1391 2092 1748 2170 συνοικήσειν
1793 2094 1936 2176 αὐτῇ

330 2179 472 2242 οὕτω
505 2180 847 2265 ἀπάγεσθαι·
896 2185 946 2242 εἰ
978 2182 1038 2242 δὲ
1068 2181 1153 2261 μή
1189 2182 1595 2259 συμφεροίατο,
1630 2180 1936 2259 ἀποφέρειν

327 2268 396 2329 ’τό
440 2270 678 2347 χρυσίον
720 2270 903 2331 ἐκέετο
950 2269 1139 2348 νόμος.
1221 2270 1355 2345 ἐξῆν
1401 2268 1462 2329 δὲ
1509 2269 1602 2328 καὶ
1649 2269 1714 2339 ἐξ
1752 2268 1936 2348 ἄλλης

330 2355 568 2416 ἐλθόντα
609 2383 795 2434 κωμης
834 2356 939 2418 τον
976 2356 1333 2435 βουλόμενον
1377 2354 1663 2417 ωνέεσθαι.
1745 2361 1935 2436 ομέν

328 2466 427 2503 νυν
452 2442 762 2507 κάλλιστος
786 2442 957 2521 νόμος
984 2442 1147 2509 οὗτός
1172 2442 1349 2521 σφι’
1311 2468 1400 2520 ην·
1435 2443 1501 2504 οὗ
1526 2444 1719 2522 μέντοι
1745 2448 1844 2507 νῦν
1865 2472 1935 2529 γε

327 2528 609 2590 διετέλεσε
649 2532 764 2593 ἐων.
835 2531 985 2591 αλλο
1019 2532 1085 2591 δέ
1112 2557 1170 2592 τι
1197 2529 1524 2608 ἐξευρήκασι
1554 2531 1756 2593 νεωστὶ
1783 2534 1933 2616 γενέ·-

328 2618 553 2689 σθαι,’
526 2644 615 2679 ινα
647 2645 730 2696 μη
776 2618 1017 2680 ἀδικοῖεν
1055 2618 1227 2683 αύτας
1267 2618 1398 2696 μήδ’
1436 2622 1492 2681 ἐς
1531 2620 1721 2697 ἐτέρην
1763 2621 1935 2683 πόλιν

328 2702 589 2785 ἄγωνται·
629 2706 756 2767 ἐπεί
774 2732 838 2768 τε
862 2705 973 2789 γὰρ
1000 2705 1233 2769 ἁλόντες
1258 2704 1620 2781 ἐκακώθησαν
1659 2707 1752 2767 καὶ
1791 2712 1937 2770 οἷκο-

328 2791 720 2870 φθορήθησαν,
774 2799 886 2859 πᾶς
936 2820 1023 2859 τις
1069 2796 1174 2855 τοῦ
1227 2792 1406 2871 δήμου
1464 2794 1601 2871 βίου
1653 2797 1935 2868 σπανίζων

238 2880 348 2941 197
368 2880 765 2960 καταπορνεύει
787 2882 859 2943 τὰ
884 2882 1064 2959 θήλεα
1086 2881 1272 2942 τέκνα.
1341 2879 1615 2959 Δεύτερος
1653 2882 1713 2942 δὲ
1752 2884 1935 2964 σοφίῃ

326 2966 421 3028 ὅδε
458 2966 641 3033 ’ἄλλος
684 2976 798 3047 σφι
832 2968 1003 3048 νόμος
1046 2967 1400 3045 κατεστήκεε·
1454 2968 1585 3033 τοῦς
1626 2968 1934 3047 κάμνοντας
1965 2994 1974 3001 ·

326 3058 385 3119 ἐς
432 3055 539 3135 τήν
589 3055 805 3139 α’,γορήν
857 3058 1212 3137 ἐκφορέουσι·
1274 3055 1342 3117 οὗ
1391 3055 1504 3139 γάρ
1549 3056 1618 3133 δὴ
1663 3057 1934 3136 χρέωνται

327 3146 588 3223 ἰητροῖσι·
626 3143 959 3225 προσιόντες
1004 3144 1079 3205 ὧν
1118 3144 1262 3222 πρός
1304 3143 1405 3205 τόν
1445 3143 1743 3221 κάμνοντα,
1790 3169 1934 3220 συμ-

325 3232 674 3309 βουλεύουσι
712 3232 843 3313 περὶ
865 3238 968 3310 τῆς
992 3231 1219 3304 νούσου,
1247 3232 1299 3291 εἴ
1334 3256 1420 3295 τις
1445 3232 1537 3291 καὶ
1562 3228 1730 3294 adu-de
1753 3234 1934 3290 τοιοῦ-

324 3343 426 3380 τον
444 3320 616 3384 ἔπαθε
634 3320 823 3383 ὁκοῖον
843 3321 958 3402 ἔχει·
976 3320 1009 3384 6
1030 3320 1253 3401 κάμνων
1269 3317 1310 3399 ἣ
1327 3317 1510 3381 ἄλλον
1530 3318 1640 3379 εἶδε
1657 3316 1932 3380 παθόντα·
