2267 3517
345 157 632 224 133—137]
1039 158 1262 209 mmo.
1887 160 1949 207 so

341 264 442 317 ρος
483 238 674 321 ὀλίγῳ,
716 239 818 301 τοὶς
847 238 1079 317 παρειάς
1111 240 1425 316 φιλέονται·
1465 237 1537 315 ἦν
1576 238 1637 297 δὲ
1675 240 1875 316 πολλῷ
1910 236 1951 315 ᾖ

346 325 570 403 οὕτερος
615 326 1025 404 ἀγεννέστερος,
1067 328 1439 404 προσπίπτων
1478 327 1810 403 προσκυνέει
1850 323 1952 386 τᾶν

349 414 554 491 ἕτερον.
623 418 832 492 τιμῶσι
863 414 923 473 δὲ
957 419 1017 473 ἐκ
1049 414 1269 475 πάντων
1292 414 1423 478 τούς
1459 412 1707 495 ἄγχιστα
1740 416 1951 474 ἑωυτῶν

352 503 647 574 οἰκέοντας,
662 501 806 580 μετά
827 528 895 583 γε
915 502 1161 565 ἑωυτούς·
1190 502 1416 580 δεύτερα
1431 503 1491 562 δὲ
1504 528 1633 565 τους
1648 501 1950 579 δευτέρους·

350 589 494 666 μετὰ
518 589 594 660 δὲ,
623 589 766 650 κατά
789 589 966 671 λόγον
988 592 1391 668 προβαίνοντες
1413 594 1637 667 τιμῶσι,
1662 588 1869 665 ἥκιστα
1893 590 1955 649 δὲ

346 703 476 740 τους
493 680 727 748 ἑωυτῶν
763 676 1051 737 ἑκαστάτω
1092 678 1413 753 οἰκημένους
1447 682 1504 737 ἐν
1527 681 1665 755 τιμῇ
1702 676 1951 758 ἄγονται·

347 766 720 842 νομίζοντες“
695 790 924 828 εωυτους
956 765 1096 824 εἶναι
1127 764 1431 842 ἀνθρώπων
1456 769 1650 843 μακρῷ
1673 764 1745 824 τοὶ
1768 791 1954 825 παντα

349 852 628 930 ἀρίστους,
660 852 791 917 τούς
821 853 880 912 δὲ
911 851 1124 916 ἅλλους
1157 852 1298 911 κατὰ
1323 851 1499 933 λόγον
1522 853 1622 913 τόν
1645 852 1953 933 λεγόμενον

347 943 450 1016 τῆς
489 940 690 1017 ἀρετῆς
729 940 1082 1019 ἀντέχεσθαι,
1107 940 1240 1003 τοῦς
1269 940 1331 999 δὲ
1364 940 1649 1001 ἑκαστάτω
1675 941 1954 1003 οἰκέοντας

351 1025 464 1087 ἀπὸ
506 1032 715 1089 ἑωυτῶν
752 1028 1049 1091 κακίστους
1082 1026 1241 1088 εἶναι.
1310 1028 1401 1087 ἐπὶ
1428 1027 1488 1087 δὲ
1522 1027 1732 1103 Μήδων
1756 1028 1952 1106 ἀρχόν-

350 1140 459 1174 των
499 1117 592 1175 καὶ
630 1115 771 1195 ἦρχε
805 1115 878 1176 τὰ
911 1116 1072 1176 ἔθνεα
1111 1114 1400 1190 ἀλλήλων·
1457 1115 1821 1176 συναπάντων
1850 1118 1955 1193 μὲν

353 1203 546 1277 Μῆδοι
590 1204 683 1263 καὶ
720 1207 831 1263 τῶν
873 1201 1123 1284 ἄγχιστα
1163 1202 1449 1265 οἰκέοντων
1479 1204 1673 1279 σφίσι,
1708 1199 1862 1263 οὗτοι
1896 1204 1957 1263 δὲ

356 1291 449 1348 καὶ
472 1293 583 1350 τῶν
607 1289 872 1367 ὁμούρων,
895 1294 947 1351 οἰ
975 1290 1035 1350 δὲ
1060 1290 1319 1368 μάλιστα
1334 1294 1444 1352 τῶν
1466 1291 1761 1369 ἐχομένων.
1815 1290 1957 1351 κατὰ

353 1376 454 1437 τὸν
479 1376 646 1438 αὐτὸν
672 1378 732 1437 δὲ
758 1376 932 1460 λόγον
957 1378 1050 1438 καὶ
1075 1381 1130 1438 οἱ
1156 1379 1383 1455 Πέρσαι
1400 1383 1625 1457 τιμῶσι·
1652 1379 1956 1457 προέβαινε

352 1464 464 1545 γάρ
492 1464 559 1541 δὴ
583 1464 649 1525 τὸ
675 1466 830 1529 ἔθνος
854 1464 1031 1546 ἄρχον
1047 1491 1110 1527 τε
1130 1467 1224 1526 καὶ
1249 1470 1629 1544 ἐπιτροπεῦον.
1696 1467 1917 1531 Ξεινικὰ
1937 1470 2051 1528 135

355 1552 416 1612 δὲ
453 1553 658 1631 νόμαια
690 1554 918 1631 Πέρσαι
946 1554 1277 1632 προσίενται
1309 1552 1521 1631 ἀνδρῶν
1547 1554 1822 1633 μάλιστα·
1865 1556 1958 1614 καὶ

352 1640 464 1721 γάρ
499 1642 567 1719 δὴ
601 1642 705 1718 τήν
741 1640 1002 1717 Μηδικὴν
1029 1642 1245 1719 ἐσθῆτα
1270 1643 1599 1719 νομίσαντες
1622 1646 1721 1719 τῆς
1749 1646 1959 1704 ἑωυτῶν

356 1728 496 1789 εἶναι
535 1730 750 1790 καλλίω
791 1730 1084 1807 φορέουσι,
1122 1730 1216 1789 καὶ
1257 1734 1312 1793 ἐς
1348 1729 1478 1795 τούς
1515 1731 1799 1808 πολέμους
1830 1729 1960 1793 τούς

356 1819 692 1898 Αἰγυπτίους
717 1817 984 1895 θώρηκας.

438 1908 556 1966 Καὶ
577 1905 868 1969 εὐπαθείας
891 1930 954 1965 τε
978 1904 1336 1969 παντοδαπὰς
1352 1904 1759 1983 πυνθανόμενοι
1774 1912 1959 1982 ἐπιτη-

358 1992 596 2067 δεύουσι,
640 1995 732 2052 καὶ
773 1993 840 2069 δὴ
883 1994 977 2052 καὶ
1016 1992 1110 2052 ἀπ’
1151 1992 1441 2069 Ἑλλήνων
1479 1992 1751 2070 μαθόντες
1791 1994 1959 2053 παισὶ

357 2079 678 2159 μίσγονται.
744 2081 1023 2160 γαμέουσι
1059 2080 1105 2140 δ’
1133 2082 1367 2143 ἕκαστος
1401 2080 1579 2140 αὐτῶν
1610 2080 1833 2143 πολλοῖς
1857 2082 1961 2157 μὲν

361 2166 637 2243 κουριδίας
669 2172 946 2247 γυναῖκας,
983 2173 1184 2247 πολλῷ
1211 2167 1256 2227 δ’
1284 2170 1363 2227 ἔτι
1389 2172 1630 2231 πλεῦνας
1663 2167 1962 2232 παλλακάς

362 2258 614 2313 κτῶνται.
678 2252 1052 2336 Ἀνδραγαθίη
1096 2256 1143 2315 δ’
1182 2255 1321 2333 αὕτη
1366 2256 1739 2326 ἀποδέδεκται,
1779 2282 1922 2331 μετα
1902 2255 2055 2317 136

361 2340 428 2400 τὸ
463 2341 754 2422 μάχεσθαι
790 2341 928 2402 εἶναι
968 2342 1265 2429 dyassdv,⁶
1233 2370 1295 2408 ος
1326 2370 1393 2404 αν
1402 2342 1677 2408 πολλους
1716 2343 1960 2423 ἀποδέξῃ

362 2430 581 2493 παῖδας·
636 2435 714 2509 τῶ
757 2430 817 2489 δὲ
860 2455 990 2495 τους
1040 2433 1344 2495 πλείστους
1395 2430 1773 2493 ἀποδεικνύντι
1814 2432 1963 2509 δῶρα

363 2518 632 2595 ἐκπέμπει
670 2518 703 2579 ὁ
738 2518 1018 2595 βασιλευς
1057 2518 1165 2579 <ivd
1202 2523 1315 2579 πᾶν
1359 2519 1614 2583 ἔτος·τό
1653 2519 1876 2580 πολλον
1916 2518 1963 2579 δ’

361 2604 596 2685 ἡγέαται
641 2605 874 2685 ἰσχυρόν
915 2606 1071 2667 εἶναι.
1139 2606 1467 2667 παιδεύουσι
1501 2608 1560 2667 δὲ
1598 2608 1736 2671 τούς.
1764 2607 1965 2670 παῖδας

365 2691 477 2751 dm)
520 2696 843 2757 πενταέτεος
884 2693 1182 2772 ἀρξάμενοι
1222 2695 1391 2774 μέχρι
1438 2695 1796 2765 εἰκοσαέτεος,
1837 2695 1965 2772 τρία

364 2784 561 2856 μοῦνα,
591 2780 838 2842 ῖππευειν
865 2782 957 2840 καὶ
991 2781 1234 2851 τοξεύειν
1262 2783 1355 2840 καὶ
1380 2782 1766 2893 ἀληθίζεσθαι.
1820 2783 1966 2859 πρὶν

366 2866 500 2926 δὲ
465 2894 504 2943 η
542 2869 841 2944 πενταέτης
878 2869 1122 2949 γένηται,
1150 2890 1249 2928 ουκ
1291 2867 1606 2929 ἀπικνέεται
1638 2874 1692 2932 ἐς
1725 2868 1855 2947 ὄψιν
1888 2873 1967 2948 τῷ

367 2957 538 3033 πατρὶ
577 2955 734 3015 ἀλλά
771 2956 926 3036 παρὰ
965 2961 1102 3035 τῇσι
1140 2958 1357 3037 γυναιξὶ
1394 2957 1607 3017 δίαιταν
1634 2958 1765 3036 ἔχει·
1806 2958 1967 3016 τοῦδε

369 3043 549 3104 εἵνεκα
572 3047 739 3104 τοῦτο
767 3043 906 3104 οὕτω
932 3044 1197 3115 ποιέεται,
1217 3044 1307 3104 ἵνα
1330 3043 1400 3120 ἦν
1416 3044 1670 3122 ἀποθάνῃ
1696 3043 1966 3119 τρεφόμε-

367 3156 462 3195 νος
485 3132 761 3208 μηδεμίαν
785 3129 932 3207 ἄσην
957 3135 1034 3209 τῷ
1060 3132 1232 3210 πατρὶ
1257 3131 1592 3208 προσβάλῃ.

449 3221 626 3280 Αἰνέω
651 3220 757 3297 μέν
783 3244 880 3279 νυν
902 3216 1062 3278 τόνδε
1086 3217 1185 3278 rav
1210 3216 1398 3294 νόμον·
1427 3217 1585 3275 αἰνέω
1613 3215 1672 3272 δὲ
1700 3213 1791 3271 καὶ
1809 3212 1929 3273 τόν·
1949 3212 2061 3274 137

369 3309 447 3383 δε,
473 3308 539 3371 τό
563 3308 645 3388 μὴ
670 3312 806 3386 μιῆς
832 3305 1008 3381 αἰτίης
1037 3305 1217 3364 εἵνεκα
1241 3303 1384 3381 μήτε
1408 3300 1574 3361 αὖτόν
1593 3298 1691 3359 τὸν
1715 3301 1969 3374 βασιλέα

2131 3363 2211 3419 Δ
