2267 3517
314 116 411 183 1'56
925 132 1296 184 ἯΡοΔοτοτ
1813 132 1914 198 [11.

312 212 436 289 μόν,
472 212 564 271 καὶ
598 212 905 291 Μάκρωνες
934 216 989 273 οἰ
1022 212 1280 273 τούτοισι
1305 210 1693 293 ἀστυγείτονες
1719 210 1916 285 ἐόντες,

313 298 427 360 ἅπό
457 300 702 380 Κόλχων
744 301 893 377 φασὶ
932 300 1132 362 νεωστὶ
1171 299 1571 377 μεμαθηκέναι·
1629 298 1783 361 οὗτοι
1808 300 1920 381 γάρ

316 392 427 447 εἰσι
464 391 533 447 οἰ·
548 387 1010 466 περιταμνόμενοι
1042 386 1344 464 ἀνθρώπων
1374 390 1592 465 μοῦνοι.
1649 387 1742 447 καὶ
1767 386 1921 449 οὗτοι

314 477 677 557 Αἰγυπτίοισι
735 476 1029 553 φαίνονται
1089 480 1373 539 ποιεῦντες
1433 474 1575 535 κατ-οὶ
1635 473 1708 535 τοὶ
1760 474 1918 546 αὐτοὶ,

317 563 497 624 αὐτῶν
538 564 599 624 δὲ
639 564 958 645 Αἰγυπτίων
999 564 1091 623 καὶ
1132 562 1418 623 Αἰθιόπων
1459 588 1560 621 ουκ
1603 562 1708 641 ἔχω
1749 565 1922 623 εἰπεῖν

316 650 566 729 ὁκότεροι
606 650 760 728 παραὶ
800 653 911 711 τῶν
952 649 1150 727 ἑτέρων
1191 650 1480 727 ἐξέμαθον·
1535 647 1772 728 ἀρχαῖον
1809 676 1920 731 γαρ

314 738 386 813 δή
424 764 481 799 τι
522 739 780 815 φαίνεται
820 736 930 798 ε’όν·
990 737 1062 801 ὥς
1100 737 1148 797 δ’
1189 736 1618 818 ἐπιμισγόμενοι
1657 735 1921 846 Αἰγύπτῳ

318 825 602 902 ἐξέμαθον,
657 824 808 906 μέγα
858 850 957 901 μοι
1013 826 1104 885 καὶ
1157 824 1286 886 τόδε
1337 823 1636 902 τεκμήριον
1687 824 1918 905 γίνεται·

312 913 581 973 Φοινίκων
634 911 832 973 ὁκόσοι
874 916 947 992 τῇ
992 911 1234 972 Ἑλλάδι
1280 912 1690 991 ἐπιμίσγονται,
1739 909 1920 974 οὐκέτι

314 999 651 1081 Αἰγυπτίους
702 999 998 1077 μιμέονται
1051 1025 1195 1060 κατα
1240 1025 1313 1060 τα
1357 999 1557 1069 αἰδοῖα,
1607 996 1764 1057 ἄλλα
1807 1003 1920 1061 τῶν

223 1090 380 1149 105’
354 1087 783 1201 επιγινομ,ένωνη
790 1085 856 1148 ού
908 1088 1314 1165 περιτάμνουσι
1365 1111 1440 1148 τα
1493 1086 1694 1147 αἰδοῖα.
1775 1085 1919 1165 Φέρε

311 1202 409 1236 νυν
434 1177 526 1236 καὶ
551 1175 703 1236 ἄλλο
731 1176 874 1237 εἴπω.
892 1178 1022 1254 περὶ
1045 1179 1158 1237 τῶν
1178 1175 1442 1254 Κόλχων,
1465 1199 1537 1238 ως
1554 1174 1917 1254 Αἰγυπτίοισι

309 1262 662 1342 προσφερέες
697 1264 827 1325 εἰσί.
910 1264 1069 1325 λίνον
1099 1267 1300 1339 μοῦνοι
1333 1259 1493 1322 οὗτοί
1522 1286 1586 1322 τε
1619 1260 1712 1321 καὶ
1748 1260 1916 1343 Αἰγύ-

310 1377 464 1411 πτιοι
491 1350 816 1432 ἐργάζονται
843 1350 985 1411 κατὰ
1008 1350 1081 1411 τοὶ
1107 1350 1267 1410 αὐτά.
1323 1349 1416 1409 καὶ
1440 1348 1480 1424 ἦ
1509 1347 1610 1425 ζόη
1636 1352 1800 1408 πᾶσα
1822 1348 1915 1410 καὶ

308 1436 348 1513 ἦ
374 1442 623 1519 γλῶσσα
644 1438 891 1516 ἐμφερής
918 1443 1043 1498 ἐστι
1068 1436 1400 1514 ἀλλήλοισι.
1455 1437 1614 1497 λίνον
1641 1436 1702 1496 δὲ
1725 1436 1792 1497 τό
1810 1440 1916 1513 μὲν

312 1524 1374 1605 Κολχικόν,ύπό“ΕλλήνωνΣαρδονικόν
1391 1523 1677 1601 κέκληται·
1703 1524 1770 1585 τό
1783 1524 1913 1601 μέν·

307 1639 397 1675 τοι
424 1613 519 1673 ἀπ’
548 1614 835 1695 Αἰγύπτου
863 1612 1258 1689 ἀπικνεύμενον
1286 1611 1544 1673 καλέεται
1571 1609 1896 1692 Αἰγύπτιον.

218 1704 333 1763 106
394 1700 507 1766 Τοῖς
532 1702 593 1761 δὲ
620 1701 840 1778 στήλας
863 1701 965 1764 τοὶς
1003 1700 1138 1761 ἵστα
1179 1700 1321 1761 κατ-οὶ
1344 1700 1446 1765 τοῖς
1475 1698 1662 1779 χώρας
1679 1697 1719 1759 ’ὅ
1746 1700 1912 1781 Αἰγύ-

308 1815 453 1850 πτου
499 1788 791 1865 βασιλεῦς
825 1787 1165 1866 Σέσωστρις,
1214 1791 1274 1848 αἰ
1313 1790 1418 1865 μὲν
1455 1791 1689 1850 πλεῦνες
1731 1786 1912 1848 οὐκέτι

308 1878 604 1953 φαίνονται
642 1879 989 1955 περιεοῦσαι·
1030 1881 1091 1936 ἐν
1127 1876 1188 1935 δὲ
1226 1879 1299 1955 τῇ
1330 1875 1696 1953 Παλαιστίνῃ
1737 1876 1911 1955 Συρίῃ

305 1963 472 2029 αὐτὸς
512 1964 672 2043 ὅρεον
704 1963 921 2035 ἐούσας,
951 1963 1044 2024 καὶ
1082 1963 1156 2025 τὰ
1193 1961 1499 2045 γράμματα
1535 1962 1610 2024 τοῖ
1649 1962 1910 2039 εἰρημένα

306 2054 544 2125 ἐνεόντα,
598 2053 691 2113 καὶ
746 2052 1007 2134 γυναικός
1066 2052 1270 2113 αἰδοῖα.
1351 2051 1466 2112 εἰσὶ
1511 2050 1586 2111 -δὲ
1639 2049 1731 2109 καὶ
1780 2051 1909 2127 περὶ

302 2140 515 2217 Ἰωνίην
541 2143 639 2203 δύο
665 2139 834 2202 τύποι
862 2146 921 2201 ἐν
939 2139 1184 2219 πέτρῃσι
1211 2136 1685 2221 ἐγκεκολαμμένοι
1708 2136 1908 2199 τούτου

302 2234 403 2288 τοῦ
429 2228 643 2305 ἇνδρός,
664 2231 736 2305 τῇ
761 2252 825 2287 τε
851 2231 913 2285 ἐκ
938 2232 1041 2303 τῆς
1056 2227 1332 2303 Ἐφεσίης
1358 2232 1414 2290 ἐς
1438 2224 1694 2286 Φώκαιαν
1720 2225 1908 2304 ἔρχον-

304 2341 414 2384 ται,
456 2315 548 2373 καὶ
585 2317 659 2393 τῇ
701 2320 762 2373 ἐκ
803 2314 1053 2391 Σαρδίων
1093 2319 1151 2377 ἐς
1190 2312 1472 2390 Σμύρνην·
1515 2311 1808 2389 ἑκατέρωθι
1847 2312 1908 2372 δὲ

306 2395 447 2479 ἆνήρ
485 2400 879 2482 ἐγγέγλυπται,
912 2400 1160 2482 μέγαθος
1187 2400 1447 2476 πέμπτης
1486 2400 1793 2476 σπιθαμῆς,
1833 2405 1906 2479 τῇ

302 2492 407 2566 μὲν
446 2488 597 2566 δεξιῇ
637 2487 763 2566 χερὶ
803 2488 947 2566 ἔχων
990 2486 1201 2566 αἰχμὴν
1239 2490 1312 2565 τῇ
1351 2487 1412 2546 δὲ
1451 2484 1718 2565 ἀριστερῇ
1749 2487 1904 2558 τόξα,

307 2576 399 2636 καὶ
423 2574 527 2652 τὴν
552 2574 739 2651 ἄλλην
764 2573 972 2652 σκευὴν
1005 2572 1285 2637 ὦσαύτως·
1329 2574 1423 2633 καὶ
1452 2572 1563 2654 γὰρ
1593 2575 1906 2655 Αἰγυπτίην

304 2664 397 2722 καὶ
430 2663 731 2723 Αἰθιοπίδα
771 2662 903 2742 ἔχει·
947 2667 1009 2723 ἔκ
1049 2661 1111 2722 δὲ
1148 2666 1252 2722 τοῦ
1291 2660 1444 2738 ὤμου
1485 2665 1539 2724 ἐς
1578 2660 1678 2722 τόν
1720 2661 1906 2739 ἕτερον

304 2749 455 2828 ὦμον
507 2751 599 2810 ὃιοὶ
646 2754 757 2811 τῶν
810 2750 1061 2827 στηθέων
1117 2748 1426 2831 γράμματα
1479 2747 1572 2825 tp&
1624 2749 1906 2830 Αἰγύπτια

303 2838 478 2914 διήκει
503 2837 972 2920 ἐγκεκολαμμένα,
999 2837 1242 2919 λέγοντα
1264 2836 1414 2898 τάδε·
1455 2840 1606 2895 ΕΓΩ
1633 2841 1903 2896 ΤΗΝΔΕ

290 2932 469 2986 ’ΤΗΝ
524 2930 799 2986 ΧΩΡΗΝ
850 2927 1136 2991 ΩΜΟῙΣῙ
1185 2925 1397 2989 ΤΟῙΣῙ
1443 2924 1726 2988 ΕΜΟῙΣῙ
1771 2929 1902 2983 ΕΚ·

301 3015 717 3080 ΤΗΣΑΜΗΝ.
797 3010 956 3079 ὅστις
997 3013 1058 3074 δὲ
1098 3011 1193 3071 καὶ
1240 3011 1437 3072 ὁκόθεν
1479 3011 1617 3080 ἐστὶ,
1662 3011 1900 3071 ἐνθαῦτα

300 3104 405 3179 μὲν
442 3101 509 3162 οὗ
542 3102 721 3179 δηλοῖ,
748 3098 975 3177 ἑτέρωθι
1000 3100 1059 3159 δὲ
1086 3099 1381 3176 δεδήλωκε·
1422 3097 1492 3159 τὰ
1525 3097 1593 3173 ὃή
1630 3097 1721 3155 καὶ
1745 3121 1902 3173 μετε-

300 3187 515 3267 ξέτεροι
546 3194 658 3251 τῶν
684 3187 1043 3265 θεησαμένων
1069 3187 1367 3265 Μέμνονος
1393 3184 1578 3245 εἰκόνα
1619 3182 1902 3253 εἰκάζουσί

304 3299 400 3339 μιν
424 3277 581 3349 εἶναι,
607 3276 759 3338 πολι)
784 3278 887 3351 τῆς
910 3274 1187 3352 ἀληθηΐης
1212 3269 1702 3347 ἀπολελειμμένοι.
1877 3284 1882 3287 “
