2267 3517
347 133 447 185 εις
964 133 1334 184 mmmmm·
1819 135 1948 200 [IV.

478 234 729 297 Βόσπορον
759 235 1014 296 ἰχθυόεντα
1043 234 1330 298 γεφυρώσας
1363 235 1566 297 ἀνέθηκε

542 308 881 368 Μανδροκλέης
906 307 1040 368 Ἥρῃ
1074 307 1374 366 μνημόσυνον
1405 310 1620 368 σχεδίης·

477 377 612 437 αὐτῷ
640 379 729 436 μὲν
760 379 1001 439 στέφανον
1032 380 1239 439 περιθεὶς
1271 380 1498 437 Σαμίοισι
1531 383 1587 428 δὲ
1617 382 1770 443 κῦδος,

541 450 743 511 Δαρείου
771 449 1014 512 βασιλέως
1046 450 1304 499 ἐκτελέσας
1337 452 1465 500 κατὰ
1495 451 1615 501 νοῦν.

350 559 530 616 ταῦτα
563 557 669 633 μέν
700 579 799 616 νυν
831 558 937 616 τοῦ
974 553 1264 627 ζεύξαντος
1301 555 1407 634 τήν
1440 556 1696 640 γέφυραν
1733 549 1950 639 μνημό-

346 667 493 703 συνα
518 643 754 723 ἐγένετο.

252 731 330 792 89
428 733 666 808 Δαρεῖος
697 731 758 791 δὲ
794 730 1184 808 δωρησάμενος
1216 729 1591 808 Μανδροκλέα
1617 732 1864 810 διέβαινε
1891 741 1949 801 ἐς

344 817 449 894 τήν
498 813 789 896 Εύρώπην,
840 822 997 880 τοῖσι
1025 817 1190 878 Ἴωσι
1229 819 1618 900 παραγγείλας
1655 822 1850 882 πλέειν
1890 829 1948 888 ἐς

342 905 445 968 τᾶν
480 906 704 968 Πόντον
731 906 903 986 μέχρι
928 904 1164 983 Ἴστρου
1200 909 1480 983 ποταμοῦ·
1521 906 1692 968 ἐπεσῖν
1721 907 1783 968 δὲ
1816 909 1944 971 ἀπί-

346 1018 547 1054 κωνται
598 999 655 1058 ἐς
702 992 805 1054 τδν
842 992 1087 1070 Ἴστρον,
1130 993 1368 1053 ἐνθαῦτα
1419 991 1587 1054 αύτδν
1631 997 1945 1072 περιμένειν

344 1080 670 1163 ζευγνύντας
701 1079 803 1142 τᾶν
839 1079 1117 1156 ποταμόν·
1155 1079 1225 1140 τδ
1253 1079 1366 1161 γὰρ
1406 1080 1477 1155 δῆ
1511 1082 1770 1143 ναυτικὸν
1799 1083 1944 1165 ἦγον

335 1167 520 1233 Ἴωνές
543 1194 607 1230 τε
640 1167 732 1228 καὶ
756 1168 988 1232 Αἰολέες
1012 1167 1105 1228 καὶ
1128 1166 1590 1243 Ἑλλησπόντιοι.
1675 1168 1711 1229 ὅ
1740 1173 1846 1246 μὲν
1871 1172 1941 1248 δὴ

344 1256 597 1320 ναυτικός
646 1254 889 1334 στρατός
938 1254 1040 1318 τοὶς
1089 1255 1344 1318 Κυανέας
1385 1254 1735 1321 διεκπλώσας
1775 1258 1942 1319 ἔπλεε

346 1343 435 1404 ἶθῦ
473 1348 576 1404 τοῦ
602 1343 851 1421 Ἴστρου·
904 1341 1248 1406 ἀναπλώσας
1293 1342 1356 1403 δὲ
1397 1341 1505 1403 ufvo?
1543 1343 1645 1405 τᾶν
1683 1346 1940 1423 ποταμδν

344 1431 488 1491 δυῶν
522 1431 770 1508 ἡμερέων
806 1430 990 1492 πλόον
1028 1429 1144 1490 ἅπδ
1185 1429 1500 1506 θαλάσσης,
1539 1433 1643 1491 τοῦ
1680 1442 1938 1511 ποταμοῦ

343 1516 445 1578 τᾶν
470 1517 675 1597 αὐχένα
701 1523 762 1578 ἐκ
784 1520 887 1576 τοῦ
918 1518 1175 1596 σχίζεται
1199 1517 1272 1577 τὰ
1308 1517 1568 1594 στόματα
1590 1523 1694 1578 τοῦ
1706 1518 1941 1598 Ἴστρου

342 1605 612 1686 ἐζεύγνυε.
693 1606 931 1680 Δαρεῖος
954 1603 1015 1663 δὲ
1040 1603 1113 1667 ὥς
1143 1603 1309 1680 διέβη
1333 1605 1434 1665 τόν
1463 1604 1768 1684 Βόσπορον
1793 1609 1937 1670 κατοί

342 1692 449 1768 τὴν
473 1690 722 1775 σχεδίην,
748 1689 1040 1768 ἐπορεύετο
1064 1690 1158 1752 διὰ
1180 1695 1282 1768 τῆς
1307 1691 1570 1770 Θρηΐκης·
1605 1693 1939 1771 ἀπικόμενος

344 1779 405 1839 δὲ
443 1781 535 1840 ἐπὶ
572 1777 787 1858 Τεάρου
815 1781 1072 1856 ποταμοῦ
1116 1777 1219 1843 τοὶς
1259 1779 1463 1861 πηγὰς,
1508 1784 1938 1858 ἐστρατοπεδεύ-

249 1869 327 1930 90
344 1892 489 1928 σατο
513 1866 723 1946 ἡμέρας
754 1867 921 1944 τρεῖς.
999 1865 1071 1926 ‘O
1099 1865 1161 1950 δὲ
1195 1867 1405 1944 Τέαρος
1432 1868 1661 1949 λέγεται
1690 1869 1801 1930 ύπδ
1824 1875 1938 1933 τῶν

342 1957 632 2033 περιοίκων
680 1954 820 2016 εἶναι
868 1957 1137 2031 ποταμῶν
1175 1952 1422 2032 ἄριστος,
1473 1955 1547 2016 τοί
1583 1980 1647 2016 τε
1687 1955 1841 2016 ἄλλα
1881 1963 1938 2022 ἐς

340 2043 537 2106 ἄκεσιν
587 2045 834 2122 φέροντα
886 2044 980 2102 καὶ
1026 2042 1095 2118 δὴ
1141 2043 1234 2102 καὶ
1275 2041 1514 2120 ἀνδράσι
1565 2043 1659 2103 καὶ
1711 2045 1935 2107 ἵπποισι

343 2133 537 2212 ψώρην
586 2132 921 2193 ἀκέσασθαι·
989 2129 1101 2190 εἶσὶ
1149 2128 1210 2188 δὲ
1255 2128 1425 2190 αὐτοῦ
1467 2132 1526 2190 αἱ
1571 2134 1748 2214 πηγαὶ
1794 2133 1936 2196 δυῶν

342 2222 569 2283 δέουσαι
590 2218 1005 2298 τεσσεράκοντα
1031 2221 1092 2277 ἐκ
1118 2217 1324 2295 πέτρης
1352 2221 1454 2293 τῆς
1489 2217 1659 2295 αὐτῆς
1682 2220 1932 2297 ῥέουσαι·

344 2311 437 2368 καὶ
462 2312 521 2368 αἱ
542 2309 648 2386 μὲν
671 2306 877 2368 αὐτέων
904 2305 1016 2366 εἰσὶ
1041 2304 1272 2383 ψυχραὶ,
1298 2306 1358 2364 αἱ
1383 2304 1444 2364 δὲ
1471 2306 1692 2383 θερμαί·
1733 2307 1861 2372 ὄδδς
1886 2309 1934 2368 δ’

344 2394 429 2455 ἐπ’
466 2393 636 2458 αὐτάς
665 2399 788 2455 ἐστι
826 2393 929 2469 ἴση
956 2393 1019 2463 ἐξ
1039 2392 1276 2469 Ἡραίου
1313 2417 1378 2452 τε
1415 2391 1617 2458 πόλιος
1655 2397 1755 2470 τῆς
1779 2396 1934 2474 παρὰ

346 2483 594 2562 Περίνθῳ
646 2482 738 2540 καὶ
788 2481 853 2551 ἐξ
890 2479 1277 2555 Ἀπολλωνίης
1315 2484 1418 2556 τῆς
1471 2485 1530 2541 ἐν
1574 2485 1652 2560 τῷ
1693 2483 1934 2565 Εὐξείνῳ

341 2569 558 2651 Πόντῳ,
584 2569 726 2629 δυῶν
749 2568 998 2646 ἡμερέων
1029 2568 1279 2644 ἑκατέρη.
1349 2568 1555 2629 ἐκδιδοῖ
1578 2569 1640 2630 δὲ
1665 2569 1698 2630 ὅ
1725 2573 1935 2649 Τέαρος

342 2656 502 2722 οὗτος
540 2662 597 2722 ἐς
632 2655 734 2718 τδν
774 2653 1168 2716 Κοντάδεσδον
1205 2655 1480 2732 ποταμόν·
1540 2656 1575 2717 ὅ
1615 2658 1676 2718 δὲ
1717 2659 1931 2721 Κοντά-

340 2745 553 2815 δεσδος,
594 2749 649 2808 ἐς
691 2742 791 2805 τᾶν
826 2740 1148 2824 Ἀγριάνην·
1216 2741 1251 2802 ὅ
1290 2742 1351 2802 δὲ
1387 2741 1700 2824 Ἀγριάνης,
1741 2751 1799 2810 ἐς
1833 2747 1935 2809 τὸν

328 2833 570 2910 Ἕβρον·
610 2831 643 2894 ὅ
686 2832 763 2903 δὲ,
814 2836 869 2895 ἐς
914 2829 1218 2892 θάλασσαν
1260 2829 1367 2910 τήν
1409 2830 1541 2910 παρ’
1582 2834 1731 2913 Αἴνῳ
1773 2833 1931 2911 πόλι.

248 2923 318 2980 91
336 2921 470 2981 Ἐπὶ
502 2923 701 2982 τοῦτον
737 2918 811 2980 ὧν
847 2917 947 2978 τόν
976 2916 1234 2994 ποταμόν
1268 2917 1600 2995 ἀπικόμενος
1633 2919 1668 2980 ὅ
1696 2925 1934 3000 Δαρεῖος

342 3007 414 3072 ὦς
467 3004 1029 3088 ἐστρατοπεδεύσατο,
1081 3003 1279 3078 ἡσθεὶς
1315 3008 1394 3082 τῷ
1438 3012 1673 3085 ποταμῷ
1711 3009 1934 3085 στήλην

344 3095 555 3170 ἔστησε
592 3093 685 3153 καὶ
723 3093 973 3160 ἐνθαῦτα,
1013 3090 1320 3169 γράμματα
1364 3091 1648 3170 ἐγγράψας
1691 3095 1932 3174 λέγοντα

335 3181 485 3239 τάδε·
552 3183 856 3239 ΤΕΑΡΟΥ
894 3181 1282 3236 ῙῙΟΤΑΜΟΥ
1322 3183 1669 3238 ΚΕΦΑΛΑῙ
1708 3181 1932 3241 εΥΔΩΡ

339 3267 679 3330 ΑΡΙΣΤΟΝ
743 3269 840 3324 ΤΕ
908 3267 1050 3322 ΚΑΙ
1117 3264 1573 3326 ΚΑΛΛῙΣΤΟΝ
1639 3271 1931 3328 ΠΑΡΕΧ-
