2267 3517
337 125 556 192 37-39]
1009 127 1281 178 eAAmA.
1836 128 1935 176 219

333 205 395 265 δὲ
419 205 490 282 δή
519 206 610 266 καὶ
634 210 735 266 τοῦ
760 206 1088 281 Ἡφαίστου
1110 206 1179 266 τὸ
1208 206 1327 283 ἷρόν
1352 204 1513 281 ἦλθε,
1536 203 1841 264 καὶπολλὰ
1858 207 1939 284 τῷ

331 291 621 374 ἀγάλματι
647 295 1009 374 κατεγέλασε·
1049 296 1203 370 (ἔστι
1240 293 1303 353 δὲ
1335 297 1438 353 τοῦ
1475 293 1801 370 Ἡφαίστου
1830 291 1933 352 τῶ-

330 385 528 461 γαλμα
551 387 705 441 τοῖσι
729 382 1098 458 Φοινικηίοισι
1125 385 1468 441 Παταΐκοῖσι
1494 380 1931 457 ἐμφερέστατον,

330 468 460 532 τοῦς
484 473 540 528 οἱ
565 469 812 532 Φοίνικες
839 473 899 529 ἑν
921 473 1058 548 τῇσι
1082 468 1340 547 πρώρῃσι
1364 472 1475 528 τῶν
1498 467 1765 545 τριήρεων
1781 493 1931 544 περι-

332 554 557 637 άγουσι·
583 555 646 620 ὃς
671 557 732 616 δὲ
749 554 978 620 τούτους
1000 557 1082 633 μὴ
1104 555 1337 627 ὀπώπεε,
1362 556 1469 636 ἐγώ
1490 555 1554 614 δέ
1576 558 1631 614 οἱ
1650 556 1931 631 σημανέω·

330 645 614 724 πυγμαίου
653 642 850 721 ἀνδρός
887 645 1125 720 μίμησίς
1162 644 1328 724 ἑστι.)
1400 643 1613 719 ε’σῆλθε
1650 643 1710 702 δὲ
1744 643 1837 702 καὶ
1876 647 1933 707 ἐς

330 734 440 790 τῶν
464 733 764 809 Καβείρων
787 731 854 792 τὰ
883 731 1018 807 ἶρὸν,
1048 737 1105 795 ἐς
1128 730 1195 792 τό
1224 730 1289 792 οὗ
1316 731 1544 808 θεμιτόν
1570 737 1694 792 ε’στι
1720 732 1930 790 ἐσιέναι

331 816 514 879 ἄλλον
549 845 618 901 γε
655 817 694 895 ἢ
732 818 832 880 τᾶν
873 821 1012 896 ἱρέα·
1063 823 1242 880 ταῦτα
1280 819 1342 878 δὲ
1378 818 1453 878 τά
1494 817 1796 899 ἀγάλματα
1834 819 1929 878 καὶ

331 905 620 984 ἐνέπρησε,
660 906 855 966 πολλὰ
899 906 1291 984 κατασκώψας.
1360 906 1483 966 ἔστι
1523 906 1583 965 δὲ
1622 908 1715 966 καὶ
1751 911 1931 967 ταῦτα

329 991 499 1069 ὁμοῖα
529 998 630 1055 τοῦ
663 994 1006 1070 Ἡφαίστου·
1047 993 1249 1055 τούτου
1285 993 1349 1054 δέ
1382 999 1567 1070 σφεας
1597 994 1799 1058 παῖδας
1832 994 1923 1054 λέ-

329 1105 498 1161 γουσι
534 1082 690 1142 εἶναι.
759 1085 1034 1160 Πανταχῆ
1063 1080 1139 1142 ὧν
1163 1107 1263 1158 μοι
1299 1080 1449 1156 ὃῆλά
1474 1085 1597 1141 ἐστι
1626 1081 1715 1142 ὅτι
1751 1081 1925 1158 ε’μάνη
1943 1084 2021 1142 38

329 1168 588 1248 μεγάλως
621 1169 654 1229 ὁ
689 1168 1035 1246 Καμβύσης·
1075 1167 1143 1229 οὗ
1176 1169 1289 1250 γάρ
1314 1167 1385 1229 ἂν
1410 1169 1590 1245 ἱροῖσί
1615 1194 1676 1229 τε
1714 1170 1807 1228 καὶ
1838 1195 1925 1229 νο-

329 1256 551 1330 μαίοισι
589 1259 918 1336 ἐπεχείρησε
957 1261 1293 1338 καταγελᾶν·
1336 1261 1385 1316 εἰ
1422 1257 1533 1336 γάρ
1568 1282 1653 1321 τις
1690 1257 1925 1335 προθείη

328 1346 478 1403 πᾶσι
515 1343 861 1422 ἀνθρώποισι
902 1346 1242 1414 ἐκλέξασθαι
1281 1344 1519 1405 κελεύων
1557 1344 1761 1423 νόμους
1792 1344 1923 1408 τούς

331 1430 672 1496 καλλίστους
697 1437 758 1492 ἐκ
781 1437 892 1494 τῶν
915 1431 1137 1493 πάντων
1162 1431 1361 1510 νόμων,
1388 1432 1824 1510 διασκεψάμενοι
1856 1429 1927 1494 ἂν

330 1519 554 1580 ἑλοίατο
585 1520 814 1581 ἔκαστοι
842 1521 972 1584 τοῦς
1007 1523 1237 1580 ἑωυτῶν·
1280 1518 1421 1580 οὕτω
1455 1521 1748 1597 νομίζουσι
1772 1520 1925 1580 πολύ

325 1631 383 1666 τι
423 1609 766 1672 καλλίστους
807 1607 938 1670 τοῦς
981 1611 1195 1668 ἑωυτῶν
1238 1607 1442 1685 νόμους
1487 1607 1717 1669 ἔκαστοι
1763 1609 1921 1668 εἶναι·

327 1693 502 1756 οὔκων
535 1695 684 1760 οἰκός
715 1701 840 1757 ε’στι
879 1693 1062 1756 ἄλλον
1095 1721 1165 1775 γε
1204 1695 1273 1772 δή
1308 1695 1347 1771 ἢ
1375 1693 1709 1772 μαινόμενον
1746 1695 1923 1774 ἄνδρα

325 1783 546 1862 γέλωτα
569 1784 641 1844 τοὶ
663 1788 895 1843 τοιαῦτα
918 1783 1197 1844 τίθεσθαι.
1256 1781 1326 1846 ῶς
1352 1783 1413 1842 δὲ
1440 1782 1579 1842 οὕτω
1598 1784 1922 1861 νενομίκασι

324 1869 398 1928 τοὶ
428 1871 558 1946 περὶ
589 1868 722 1934 τούς
754 1869 960 1946 νόμους
995 1872 1050 1929 οἱ
1083 1869 1289 1934 πάντες
1323 1868 1618 1947 ἄνθρακι-οι,
1644 1871 1926 1930 πολλοῖσί

325 1981 387 2016 τε
415 1958 506 2016 καὶ
532 1955 768 2017 ἄλλοισι
798 1956 1151 2034 τεκμηρίοισι
1189 1957 1429 2033 πάρεστι
1452 1957 1920 2033 σταθμώσασθαι,

328 2047 388 2102 ἐν
421 2043 482 2102 δὲ
515 2043 584 2120 δὴ
622 2044 714 2104 καὶ
749 2043 906 2122 τῷδε·
947 2047 1187 2121 Δαρεῖος
1227 2044 1321 2104 ἐπὶ
1360 2048 1463 2120 τῆς
1499 2047 1701 2103 ἑωυτοῦ
1740 2042 1921 2121 ἀρχῆς

328 2131 576 2194 καλέσας
602 2130 892 2206 Ἑλλήνων
924 2131 1054 2195 τοῦς
1085 2132 1393 2210 παρεόντας
1428 2132 1603 2208 εἴρετο
1643 2130 1741 2190 ἐπὶ
1769 2130 1921 2211 κόσῳ

326 2216 395 2278 ἂν
417 2219 668 2297 χρήματι
691 2219 1002 2294 βουλοίατο
1034 2219 1165 2284 τούς
1194 2221 1436 2297 πατέρας
1461 2218 1921 2295 ἀποθνήσκοντας

328 2307 790 2376 κατασιτέεσθαις
845 2309 900 2367 οἱ
939 2307 1000 2365 δὲ
1039 2305 1125 2366 ἐπ’
1160 2307 1339 2367 οὐδενὶ
1378 2309 1603 2384 ἔφασαν
1641 2307 1815 2384 ἕρδειν
1852 2305 1923 2368 ἂν

325 2397 510 2454 τοῦτο·
553 2398 789 2472 Δαρεῖος
819 2394 878 2453 δὲ
912 2393 1056 2470 μετ-ἀ
1090 2398 1268 2454 ταῦτα
1305 2395 1551 2458 καλέσας
1574 2393 1762 2455 Ἰνδῶν
1791 2394 1922 2459 τοῦς

327 2483 694 2558 καλεομένους
717 2482 1066 2552 Καλλατίας,
1089 2481 1145 2540 οἳ
1168 2480 1299 2546 τούς
1321 2482 1520 2563 γονέας
1538 2483 1919 2552 κατεσθίουσι,

328 2569 520 2646 εἴρετο,
566 2568 882 2646 παρεόντων
925 2572 1034 2629 τῶν
1074 2567 1367 2643 Ἑλλήνων
1412 2569 1504 2628 καὶ
1550 2568 1639 2628 δι’·
1662 2571 1922 2647 ἑρμηνέος

324 2655 712 2732 μανθανόντων
733 2656 808 2716 τοὶ
831 2656 1126 2737 λεγόμενα,
1156 2657 1250 2716 ἐπὶ
1278 2657 1387 2716 τίνι
1410 2656 1659 2736 χρήματι
1685 2657 1921 2727 δεξαίατ’

325 2740 394 2803 ἂν
417 2745 803 2807 τελευτέοντας
825 2745 954 2807 τοῦς
977 2745 1222 2820 πατέρας
1246 2745 1561 2805 κατακαίειν
1586 2745 1753 2822 πυρί;
1787 2748 1841 2805 οἱ
1860 2745 1921 2804 δὲ

325 2829 698 2908 ἀμβώσαντες
720 2832 868 2912 μέγα
895 2830 1192 2908 εὐφημέειν
1210 2857 1308 2908 μιν
1328 2832 1601 2892 ἐκέλευον.
1660 2831 1801 2893 οὕτω
1817 2832 1923 2910 μέν

325 2943 422 2978 νυν
438 2921 614 2979 ταῦτα
633 2918 974 2994 νενόμισται·
1007 2920 1098 2977 καὶ
1123 2916 1303 2995 ὀρθῶς
1320 2944 1421 2996 μοι
1440 2919 1617 2980 δοκέει
1644 2919 1923 2994 Πίνδαρος

324 3010 577 3082 ποιῆσαι,
620 3010 912 3066 NOMON
959 3010 1289 3065 ΠΑΝΤΩΝ
1336 3007 1675 3071 ΒΑΣΙΛΕΑ
1728 3005 1921 3082 φήσας

327 3092 482 3154 εἶναι.
1412 3127 1417 3132 -

405 3181 737 3260 Καμβύσεω
767 3181 828 3241 δὲ
861 3181 944 3241 ἐπ’
972 3182 1259 3263 Αἴγυπτον
1286 3181 1743 3259 στρατευομένου,
1772 3184 1921 3240 ε’ποι-
1938 3183 2014 3240 39

321 3267 538 3346 ήσαντο
574 3271 668 3331 καὶ
700 3269 1130 3347 Λακεδαιμόνιοι
1164 3268 1471 3347 στρατηίην
1506 3268 1599 3326 ε’πὶ
1636 3265 1829 3344 Σάμον
1859 3292 1923 3326 τε
