<?xml version="1.0" encoding="UTF-8"?>
<!DOCTYPE html PUBLIC "-//W3C//DTD XHTML 1.0 Transitional//EN"
    "http://www.w3.org/TR/xhtml1/DTD/xhtml1-transitional.dtd">
<html xmlns="http://www.w3.org/1999/xhtml" xml:lang="en" lang="en">
 <head>
  <title>
</title>
<meta http-equiv="Content-Type" content="text/html;charset=utf-8" />
  <meta name='ocr-system' content='tesseract 3.04.00' />
  <meta name='ocr-capabilities' content='ocr_page ocr_carea ocr_par ocr_line ocrx_word'/>
</head>
<body>
  <div class='ocr_page' id='page_1' title='image "./herodotus05blakgoog_0093.png"; bbox 0 0 2267 3517; ppageno 0'>
   <div class='ocr_carea' id='block_1_1' title="bbox 279 94 2062 3329">
    <p class='ocr_par' dir='ltr' id='par_1_1' title="bbox 360 94 1974 341">
     <span class='ocr_line' id='line_1_1' title="bbox 363 94 1974 161; baseline 0.002 -14"><span class='ocrx_word' id='word_1_1' title='bbox 363 94 654 161; x_wconf 78' lang='lat'>167—171]</span> <span class='ocrx_word' id='word_1_2' title='bbox 1062 98 1291 149; x_wconf 74' lang='lat' dir='ltr'><strong>KAmn.</strong></span> <span class='ocrx_word' id='word_1_3' title='bbox 1320 128 1326 137; x_wconf 80' lang='lat'><em>-</em></span> <span class='ocrx_word' id='word_1_4' title='bbox 1906 100 1974 151; x_wconf 70' lang='lat'>8³</span> 
     </span>
     <span class='ocr_line' id='line_1_2' title="bbox 360 172 1973 255; baseline 0.004 -23"><span class='ocrx_word' id='word_1_5' title='bbox 360 172 640 251; x_wconf 73' lang='grc' dir='ltr'>ἀπόνητο,</span> <span class='ocrx_word' id='word_1_6' title='bbox 683 172 818 235; x_wconf 72' lang='grc' dir='ltr'>ἀλλ’</span> <span class='ocrx_word' id='word_1_7' title='bbox 858 173 970 236; x_wconf 74' lang='grc' dir='ltr'>ὕπὸ</span> <span class='ocrx_word' id='word_1_8' title='bbox 1012 175 1266 251; x_wconf 72' lang='grc' dir='ltr'>Θρηίκων</span> <span class='ocrx_word' id='word_1_9' title='bbox 1307 174 1631 245; x_wconf 78' lang='grc' dir='ltr'>ἐξελασθεὶς</span> <span class='ocrx_word' id='word_1_10' title='bbox 1668 172 1835 255; x_wconf 75' lang='grc' dir='ltr'>τψιὶς</span> <span class='ocrx_word' id='word_1_11' title='bbox 1870 181 1973 243; x_wconf 80' lang='grc' dir='ltr'>νῦν</span> 
     </span>
     <span class='ocr_line' id='line_1_3' title="bbox 361 260 1692 341; baseline 0.001 -20"><span class='ocrx_word' id='word_1_12' title='bbox 361 260 476 321; x_wconf 60' lang='lat' dir='ltr'>find</span> <span class='ocrx_word' id='word_1_13' title='bbox 501 260 682 337; x_wconf 69' lang='grc' dir='ltr'>Τηίων</span> <span class='ocrx_word' id='word_1_14' title='bbox 705 265 814 325; x_wconf 76' lang='grc' dir='ltr'>τῶν</span> <span class='ocrx_word' id='word_1_15' title='bbox 842 266 899 323; x_wconf 89' lang='grc' dir='ltr'>ἐν</span> <span class='ocrx_word' id='word_1_16' title='bbox 923 261 1265 339; x_wconf 83' lang='grc' dir='ltr'>Ἀβδήροισι</span> <span class='ocrx_word' id='word_1_17' title='bbox 1293 262 1363 326; x_wconf 78' lang='grc' dir='ltr'>ὥς</span> <span class='ocrx_word' id='word_1_18' title='bbox 1386 260 1531 341; x_wconf 84' lang='grc' dir='ltr'>ἥρως</span> <span class='ocrx_word' id='word_1_19' title='bbox 1556 262 1692 341; x_wconf 78' lang='grc' dir='ltr'>ἔχει.</span> 
     </span>
    </p>

    <p class='ocr_par' dir='ltr' id='par_1_2' title="bbox 357 346 2062 1397">
     <span class='ocr_line' id='line_1_4' title="bbox 449 346 2062 429; baseline 0.006 -22"><span class='ocrx_word' id='word_1_20' title='bbox 449 346 626 408; x_wconf 77' lang='grc' dir='ltr'>Οὗτοι</span> <span class='ocrx_word' id='word_1_21' title='bbox 665 350 769 424; x_wconf 88' lang='grc' dir='ltr'>μέν</span> <span class='ocrx_word' id='word_1_22' title='bbox 813 376 909 411; x_wconf 89' lang='grc' dir='ltr'>νυν</span> <span class='ocrx_word' id='word_1_23' title='bbox 950 349 1147 410; x_wconf 80' lang='grc' dir='ltr'>Ἰώνων</span> <span class='ocrx_word' id='word_1_24' title='bbox 1199 353 1396 426; x_wconf 79' lang='grc' dir='ltr'>μοῦνοι</span> <span class='ocrx_word' id='word_1_25' title='bbox 1435 348 1541 425; x_wconf 83' lang='grc' dir='ltr'>τὴν</span> <span class='ocrx_word' id='word_1_26' title='bbox 1580 349 1928 429; x_wconf 72' lang='grc' dir='ltr'>δουλοσύνην</span> <span class='ocrx_word' id='word_1_27' title='bbox 1948 356 2062 417; x_wconf 86' lang='grc'>169</span> 
     </span>
     <span class='ocr_line' id='line_1_5' title="bbox 363 434 1971 515; baseline 0.003 -18"><span class='ocrx_word' id='word_1_28' title='bbox 363 434 466 497; x_wconf 73' lang='grc' dir='ltr'>οὔκ</span> <span class='ocrx_word' id='word_1_29' title='bbox 498 435 824 515; x_wconf 72' lang='grc' dir='ltr'>ἀνεχόμενοι</span> <span class='ocrx_word' id='word_1_30' title='bbox 857 438 1115 507; x_wconf 82' lang='grc' dir='ltr'>ἐξέλιπον</span> <span class='ocrx_word' id='word_1_31' title='bbox 1149 436 1251 500; x_wconf 80' lang='grc' dir='ltr'>τοὶς</span> <span class='ocrx_word' id='word_1_32' title='bbox 1292 436 1579 514; x_wconf 82' lang='grc' dir='ltr'>πατρίδας·</span> <span class='ocrx_word' id='word_1_33' title='bbox 1623 440 1677 498; x_wconf 77' lang='grc' dir='ltr'>οἱ</span> <span class='ocrx_word' id='word_1_34' title='bbox 1712 437 1759 497; x_wconf 88' lang='grc' dir='ltr'>δ’</span> <span class='ocrx_word' id='word_1_35' title='bbox 1800 438 1971 502; x_wconf 77' lang='grc' dir='ltr'>ἄλλοι</span> 
     </span>
     <span class='ocr_line' id='line_1_6' title="bbox 363 522 1972 603; baseline 0.006 -21"><span class='ocrx_word' id='word_1_36' title='bbox 363 522 555 595; x_wconf 90' lang='grc' dir='ltr'>Ἰωνες,</span> <span class='ocrx_word' id='word_1_37' title='bbox 608 524 763 601; x_wconf 81' lang='grc' dir='ltr'>πλήν</span> <span class='ocrx_word' id='word_1_38' title='bbox 813 525 1132 601; x_wconf 83' lang='grc' dir='ltr'>Μιλησίων,</span> <span class='ocrx_word' id='word_1_39' title='bbox 1188 524 1279 584; x_wconf 80' lang='grc' dir='ltr'>διαὶ</span> <span class='ocrx_word' id='word_1_40' title='bbox 1322 524 1511 603; x_wconf 85' lang='grc' dir='ltr'>μάχης</span> <span class='ocrx_word' id='word_1_41' title='bbox 1553 526 1659 603; x_wconf 79' lang='grc' dir='ltr'>μὲν</span> <span class='ocrx_word' id='word_1_42' title='bbox 1704 524 1972 591; x_wconf 85' lang='grc' dir='ltr'>α’πικέατο</span> 
     </span>
     <span class='ocr_line' id='line_1_7' title="bbox 363 608 1971 696; baseline 0.006 -25"><span class='ocrx_word' id='word_1_43' title='bbox 363 608 627 693; x_wconf 63' lang='lat' dir='ltr'>‘Apu-6719</span> <span class='ocrx_word' id='word_1_44' title='bbox 653 611 902 691; x_wconf 79' lang='grc' dir='ltr'>κατάπερ</span> <span class='ocrx_word' id='word_1_45' title='bbox 929 616 984 672; x_wconf 84' lang='grc' dir='ltr'>οἱ</span> <span class='ocrx_word' id='word_1_46' title='bbox 1015 611 1354 682; x_wconf 75' lang='grc' dir='ltr'>ἐκλιπόντες,</span> <span class='ocrx_word' id='word_1_47' title='bbox 1382 613 1475 672; x_wconf 84' lang='grc' dir='ltr'>καὶ</span> <span class='ocrx_word' id='word_1_48' title='bbox 1500 611 1691 691; x_wconf 76' lang='grc' dir='ltr'>ἄνδρες</span> <span class='ocrx_word' id='word_1_49' title='bbox 1716 615 1971 696; x_wconf 77' lang='grc' dir='ltr'>ἐγένοντο</span> 
     </span>
     <span class='ocr_line' id='line_1_8' title="bbox 361 697 1969 781; baseline 0.005 -24"><span class='ocrx_word' id='word_1_50' title='bbox 361 697 568 780; x_wconf 81' lang='grc' dir='ltr'>α’γαθοὶ</span> <span class='ocrx_word' id='word_1_51' title='bbox 606 700 737 779; x_wconf 78' lang='grc' dir='ltr'>περὶ</span> <span class='ocrx_word' id='word_1_52' title='bbox 775 705 876 779; x_wconf 80' lang='grc' dir='ltr'>τῆς</span> <span class='ocrx_word' id='word_1_53' title='bbox 918 704 1120 761; x_wconf 77' lang='grc' dir='ltr'>ἑωυτοῦ</span> <span class='ocrx_word' id='word_1_54' title='bbox 1165 700 1399 764; x_wconf 77' lang='grc' dir='ltr'>ἕκαστος</span> <span class='ocrx_word' id='word_1_55' title='bbox 1431 700 1759 781; x_wconf 85' lang='grc' dir='ltr'>μαχόμενοι,</span> <span class='ocrx_word' id='word_1_56' title='bbox 1793 705 1969 765; x_wconf 81' lang='grc' dir='ltr'>ἐσσω-</span> 
     </span>
     <span class='ocr_line' id='line_1_9' title="bbox 363 787 1970 869; baseline 0.004 -22"><span class='ocrx_word' id='word_1_57' title='bbox 363 787 550 861; x_wconf 79' lang='grc' dir='ltr'>θέντες</span> <span class='ocrx_word' id='word_1_58' title='bbox 589 788 651 848; x_wconf 78' lang='grc' dir='ltr'>δὲ</span> <span class='ocrx_word' id='word_1_59' title='bbox 693 788 786 849; x_wconf 86' lang='grc' dir='ltr'>καὶ</span> <span class='ocrx_word' id='word_1_60' title='bbox 825 788 1056 853; x_wconf 76' lang='grc' dir='ltr'>ἁλόντες</span> <span class='ocrx_word' id='word_1_61' title='bbox 1095 788 1289 866; x_wconf 82' lang='grc' dir='ltr'>ἔμενον</span> <span class='ocrx_word' id='word_1_62' title='bbox 1328 787 1469 849; x_wconf 69' lang='grc' dir='ltr'>κατὰ</span> <span class='ocrx_word' id='word_1_63' title='bbox 1508 789 1697 869; x_wconf 77' lang='grc' dir='ltr'>χώρην</span> <span class='ocrx_word' id='word_1_64' title='bbox 1741 792 1970 853; x_wconf 80' lang='grc' dir='ltr'>ἔκαστοι</span> 
     </span>
     <span class='ocr_line' id='line_1_10' title="bbox 363 875 1969 956; baseline 0.003 -22"><span class='ocrx_word' id='word_1_65' title='bbox 363 875 455 935; x_wconf 82' lang='grc' dir='ltr'>καὶ</span> <span class='ocrx_word' id='word_1_66' title='bbox 495 875 568 937; x_wconf 79' lang='grc' dir='ltr'>τοὶ</span> <span class='ocrx_word' id='word_1_67' title='bbox 605 875 1026 956; x_wconf 82' lang='grc' dir='ltr'>ἐπιτασσόμενα</span> <span class='ocrx_word' id='word_1_68' title='bbox 1064 876 1377 937; x_wconf 79' lang='grc' dir='ltr'>ἐπετέλεον.</span> <span class='ocrx_word' id='word_1_69' title='bbox 1458 876 1743 953; x_wconf 87' lang='grc' dir='ltr'>Μιλήσιοι</span> <span class='ocrx_word' id='word_1_70' title='bbox 1783 878 1861 951; x_wconf 83' lang='grc' dir='ltr'>δὲ,</span> <span class='ocrx_word' id='word_1_71' title='bbox 1897 879 1969 945; x_wconf 77' lang='grc' dir='ltr'>ὥς</span> 
     </span>
     <span class='ocr_line' id='line_1_11' title="bbox 361 961 1965 1044; baseline 0.004 -23"><span class='ocrx_word' id='word_1_72' title='bbox 361 963 455 1024; x_wconf 83' lang='grc' dir='ltr'>καὶ</span> <span class='ocrx_word' id='word_1_73' title='bbox 478 963 750 1043; x_wconf 86' lang='grc' dir='ltr'>πρότερόν</span> <span class='ocrx_word' id='word_1_74' title='bbox 771 990 872 1042; x_wconf 88' lang='grc' dir='ltr'>μοι</span> <span class='ocrx_word' id='word_1_75' title='bbox 898 965 1124 1043; x_wconf 75' lang='grc' dir='ltr'>εἴρηται,</span> <span class='ocrx_word' id='word_1_76' title='bbox 1148 962 1296 1043; x_wconf 71' lang='grc' dir='ltr'>αὐτῷ</span> <span class='ocrx_word' id='word_1_77' title='bbox 1321 961 1489 1044; x_wconf 71' lang='grc' dir='ltr'>Κύρῳ</span> <span class='ocrx_word' id='word_1_78' title='bbox 1516 962 1703 1042; x_wconf 83' lang='grc' dir='ltr'>ὅρκιον</span> <span class='ocrx_word' id='word_1_79' title='bbox 1727 967 1965 1043; x_wconf 88' lang='grc' dir='ltr'>ποιησά-</span> 
     </span>
     <span class='ocr_line' id='line_1_12' title="bbox 357 1050 1966 1134; baseline 0.002 -23"><span class='ocrx_word' id='word_1_80' title='bbox 357 1075 519 1127; x_wconf 84' lang='grc' dir='ltr'>μενοι</span> <span class='ocrx_word' id='word_1_81' title='bbox 563 1051 807 1131; x_wconf 82' lang='grc' dir='ltr'>ἡσυχίην</span> <span class='ocrx_word' id='word_1_82' title='bbox 849 1051 1010 1134; x_wconf 78' lang='grc' dir='ltr'>ἄγον.</span> <span class='ocrx_word' id='word_1_83' title='bbox 1083 1050 1227 1112; x_wconf 80' lang='grc' dir='ltr'>οὕτω</span> <span class='ocrx_word' id='word_1_84' title='bbox 1268 1051 1337 1127; x_wconf 77' lang='grc' dir='ltr'>δὴ</span> <span class='ocrx_word' id='word_1_85' title='bbox 1376 1051 1443 1111; x_wconf 82' lang='grc' dir='ltr'>τὸ</span> <span class='ocrx_word' id='word_1_86' title='bbox 1491 1050 1744 1133; x_wconf 80' lang='grc' dir='ltr'>δεύτερον</span> <span class='ocrx_word' id='word_1_87' title='bbox 1784 1052 1966 1133; x_wconf 83' lang='grc' dir='ltr'>Ἰωνίη</span> 
     </span>
     <span class='ocr_line' id='line_1_13' title="bbox 363 1137 1965 1221; baseline 0.002 -24"><span class='ocrx_word' id='word_1_88' title='bbox 363 1138 715 1200; x_wconf 73' lang='grc' dir='ltr'>ἐδεδούλωτο.</span> <span class='ocrx_word' id='word_1_89' title='bbox 783 1138 858 1205; x_wconf 72' lang='grc' dir='ltr'>ὥς</span> <span class='ocrx_word' id='word_1_90' title='bbox 892 1140 954 1200; x_wconf 74' lang='grc' dir='ltr'>δὲ</span> <span class='ocrx_word' id='word_1_91' title='bbox 985 1138 1118 1203; x_wconf 73' lang='grc' dir='ltr'>τοῦς</span> <span class='ocrx_word' id='word_1_92' title='bbox 1153 1144 1212 1201; x_wconf 83' lang='grc' dir='ltr'>ἐν</span> <span class='ocrx_word' id='word_1_93' title='bbox 1252 1143 1324 1219; x_wconf 77' lang='grc' dir='ltr'>τῇ</span> <span class='ocrx_word' id='word_1_94' title='bbox 1358 1137 1569 1221; x_wconf 70' lang='grc' dir='ltr'>ἠπείρῳ</span> <span class='ocrx_word' id='word_1_95' title='bbox 1589 1139 1787 1205; x_wconf 85' lang='grc' dir='ltr'>Ἴωνας</span> <span class='ocrx_word' id='word_1_96' title='bbox 1826 1145 1965 1221; x_wconf 77' lang='grc' dir='ltr'>ἔχει·</span> 
     </span>
     <span class='ocr_line' id='line_1_14' title="bbox 357 1224 1967 1335; baseline 0.004 -50"><span class='ocrx_word' id='word_1_97' title='bbox 357 1224 586 1302; x_wconf 82' lang='grc' dir='ltr'>ρῶσατο</span> <span class='ocrx_word' id='word_1_98' title='bbox 606 1226 938 1335; x_wconf 39' lang='lat' dir='ltr'>&#39;Apvroeyos-‚n</span> <span class='ocrx_word' id='word_1_99' title='bbox 951 1230 1006 1288; x_wconf 80' lang='grc' dir='ltr'>οἱ</span> <span class='ocrx_word' id='word_1_100' title='bbox 1034 1226 1138 1292; x_wconf 75' lang='grc' dir='ltr'>τὰς</span> <span class='ocrx_word' id='word_1_101' title='bbox 1172 1226 1379 1305; x_wconf 85' lang='grc' dir='ltr'>νήσους</span> <span class='ocrx_word' id='word_1_102' title='bbox 1414 1228 1632 1306; x_wconf 81' lang='grc' dir='ltr'>ἔχοντες</span> <span class='ocrx_word' id='word_1_103' title='bbox 1651 1227 1837 1293; x_wconf 85' lang='grc' dir='ltr'>Ἴωνες</span> <span class='ocrx_word' id='word_1_104' title='bbox 1871 1255 1967 1291; x_wconf 88' lang='grc' dir='ltr'>κα·</span> 
     </span>
     <span class='ocr_line' id='line_1_15' title="bbox 359 1314 1900 1397; baseline 0.001 -23"><span class='ocrx_word' id='word_1_105' title='bbox 359 1314 812 1392; x_wconf 79' lang='grc' dir='ltr'>ταρρωδήσαντες</span> <span class='ocrx_word' id='word_1_106' title='bbox 835 1320 1026 1387; x_wconf 82' lang='grc' dir='ltr'>ταῦτα,</span> <span class='ocrx_word' id='word_1_107' title='bbox 1053 1315 1241 1393; x_wconf 86' lang='grc' dir='ltr'>σφέας</span> <span class='ocrx_word' id='word_1_108' title='bbox 1266 1341 1466 1380; x_wconf 86' lang='grc' dir='ltr'>αυτους</span> <span class='ocrx_word' id='word_1_109' title='bbox 1492 1316 1693 1378; x_wconf 84' lang='grc' dir='ltr'>ἔδοσαν</span> <span class='ocrx_word' id='word_1_110' title='bbox 1720 1316 1900 1397; x_wconf 77' lang='grc' dir='ltr'>Κύρῳ.</span> 
     </span>
    </p>

    <p class='ocr_par' dir='ltr' id='par_1_3' title="bbox 279 1402 2059 3056">
     <span class='ocr_line' id='line_1_16' title="bbox 442 1402 2059 1487; baseline 0.002 -26"><span class='ocrx_word' id='word_1_111' title='bbox 442 1404 851 1481; x_wconf 86' lang='grc' dir='ltr'>Κεκακωμένων</span> <span class='ocrx_word' id='word_1_112' title='bbox 875 1404 936 1463; x_wconf 78' lang='grc' dir='ltr'>δὲ</span> <span class='ocrx_word' id='word_1_113' title='bbox 958 1402 1172 1475; x_wconf 72' lang='grc' dir='ltr'>Ἰώνων,</span> <span class='ocrx_word' id='word_1_114' title='bbox 1193 1404 1287 1463; x_wconf 83' lang='grc' dir='ltr'>καὶ</span> <span class='ocrx_word' id='word_1_115' title='bbox 1312 1405 1743 1487; x_wconf 79' lang='grc' dir='ltr'>συλλεγομένων</span> <span class='ocrx_word' id='word_1_116' title='bbox 1768 1404 1927 1467; x_wconf 79' lang='grc' dir='ltr'>ουδέν</span> <span class='ocrx_word' id='word_1_117' title='bbox 1944 1406 2059 1465; x_wconf 88' lang='grc'>170</span> 
     </span>
     <span class='ocr_line' id='line_1_17' title="bbox 279 1486 1963 1574; baseline 0.001 -23"><span class='ocrx_word' id='word_1_118' title='bbox 279 1496 289 1507; x_wconf 94' lang='grc'><em>’</em></span> <span class='ocrx_word' id='word_1_119' title='bbox 355 1486 548 1565; x_wconf 82' lang='grc' dir='ltr'>ἧσσον</span> <span class='ocrx_word' id='word_1_120' title='bbox 571 1496 628 1556; x_wconf 83' lang='grc' dir='ltr'>ἐς</span> <span class='ocrx_word' id='word_1_121' title='bbox 659 1517 726 1553; x_wconf 86' lang='grc' dir='ltr'>το</span> <span class='ocrx_word' id='word_1_122' title='bbox 761 1490 1088 1564; x_wconf 73' lang='grc' dir='ltr'>Πανιώνιον,</span> <span class='ocrx_word' id='word_1_123' title='bbox 1114 1490 1465 1569; x_wconf 80' lang='grc' dir='ltr'>πυνθάνομαι</span> <span class='ocrx_word' id='word_1_124' title='bbox 1494 1518 1721 1574; x_wconf 89' lang='grc' dir='ltr'>γνωμην</span> <span class='ocrx_word' id='word_1_125' title='bbox 1751 1494 1963 1555; x_wconf 84' lang='grc' dir='ltr'>Βίαντα</span> 
     </span>
     <span class='ocr_line' id='line_1_18' title="bbox 356 1576 1959 1661; baseline 0.002 -23"><span class='ocrx_word' id='word_1_126' title='bbox 356 1576 531 1657; x_wconf 74' lang='grc' dir='ltr'>ἄνδρα</span> <span class='ocrx_word' id='word_1_127' title='bbox 581 1581 832 1658; x_wconf 81' lang='grc' dir='ltr'>Πριηνέα</span> <span class='ocrx_word' id='word_1_128' title='bbox 882 1578 1268 1650; x_wconf 81' lang='grc' dir='ltr'>αποδέξασθαι</span> <span class='ocrx_word' id='word_1_129' title='bbox 1302 1578 1465 1641; x_wconf 82' lang='grc' dir='ltr'>Ἰωσι</span> <span class='ocrx_word' id='word_1_130' title='bbox 1508 1580 1959 1661; x_wconf 78' lang='grc' dir='ltr'>χρησιμωτάτην·</span> 
     </span>
     <span class='ocr_line' id='line_1_19' title="bbox 353 1666 1962 1748; baseline 0.001 -21"><span class='ocrx_word' id='word_1_131' title='bbox 353 1670 426 1747; x_wconf 83' lang='grc' dir='ltr'>τῇ</span> <span class='ocrx_word' id='word_1_132' title='bbox 462 1671 512 1727; x_wconf 85' lang='grc' dir='ltr'>εἰ</span> <span class='ocrx_word' id='word_1_133' title='bbox 547 1668 850 1740; x_wconf 79' lang='grc' dir='ltr'>ἐπείθοντο,</span> <span class='ocrx_word' id='word_1_134' title='bbox 887 1671 1126 1748; x_wconf 81' lang='grc' dir='ltr'>παρεῖχε</span> <span class='ocrx_word' id='word_1_135' title='bbox 1169 1666 1239 1728; x_wconf 81' lang='grc' dir='ltr'>ἅν</span> <span class='ocrx_word' id='word_1_136' title='bbox 1279 1673 1393 1744; x_wconf 94' lang='grc' dir='ltr'>σφι</span> <span class='ocrx_word' id='word_1_137' title='bbox 1430 1667 1799 1746; x_wconf 61' lang='grc' dir='ltr'>εὐδαιμονέειν</span> <span class='ocrx_word' id='word_1_138' title='bbox 1832 1668 1962 1729; x_wconf 69' lang='grc' dir='ltr'>Ἑλ·</span> 
     </span>
     <span class='ocr_line' id='line_1_20' title="bbox 353 1752 1963 1837; baseline 0.004 -24"><span class='ocrx_word' id='word_1_139' title='bbox 353 1752 539 1831; x_wconf 88' lang='grc' dir='ltr'>λήνων</span> <span class='ocrx_word' id='word_1_140' title='bbox 575 1754 854 1833; x_wconf 85' lang='grc' dir='ltr'>μάλιστα·</span> <span class='ocrx_word' id='word_1_141' title='bbox 911 1754 976 1820; x_wconf 76' lang='grc' dir='ltr'>ὃς</span> <span class='ocrx_word' id='word_1_142' title='bbox 1015 1757 1235 1817; x_wconf 87' lang='grc' dir='ltr'>ἐκέλευε</span> <span class='ocrx_word' id='word_1_143' title='bbox 1284 1764 1321 1791; x_wconf 87' lang='grc'><strong>“</strong></span> <span class='ocrx_word' id='word_1_144' title='bbox 1338 1759 1499 1835; x_wconf 75' lang='grc' dir='ltr'>κοινῷ</span> <span class='ocrx_word' id='word_1_145' title='bbox 1542 1756 1735 1837; x_wconf 76' lang='grc' dir='ltr'>στόλῳ</span> <span class='ocrx_word' id='word_1_146' title='bbox 1766 1755 1963 1821; x_wconf 81' lang='grc' dir='ltr'>Ἴωνας</span> 
     </span>
     <span class='ocr_line' id='line_1_21' title="bbox 353 1841 1963 1922; baseline 0.002 -21"><span class='ocrx_word' id='word_1_147' title='bbox 353 1841 649 1921; x_wconf 78' lang='grc' dir='ltr'>ἀερθέντας</span> <span class='ocrx_word' id='word_1_148' title='bbox 686 1844 882 1905; x_wconf 87' lang='grc' dir='ltr'>πλέειν</span> <span class='ocrx_word' id='word_1_149' title='bbox 923 1848 978 1907; x_wconf 88' lang='grc' dir='ltr'>ἐς</span> <span class='ocrx_word' id='word_1_150' title='bbox 1018 1843 1231 1921; x_wconf 67' lang='grc' dir='ltr'>Σαρδὼ,</span> <span class='ocrx_word' id='word_1_151' title='bbox 1274 1844 1369 1903; x_wconf 83' lang='grc' dir='ltr'>καὶ</span> <span class='ocrx_word' id='word_1_152' title='bbox 1401 1844 1589 1904; x_wconf 84' lang='grc' dir='ltr'>ἔπειτα</span> <span class='ocrx_word' id='word_1_153' title='bbox 1618 1844 1790 1907; x_wconf 89' lang='grc' dir='ltr'>πόλιν</span> <span class='ocrx_word' id='word_1_154' title='bbox 1827 1845 1963 1922; x_wconf 91' lang='grc' dir='ltr'>μίαν</span> 
     </span>
     <span class='ocr_line' id='line_1_22' title="bbox 355 1929 1962 2011; baseline 0.001 -22"><span class='ocrx_word' id='word_1_155' title='bbox 355 1932 555 2002; x_wconf 83' lang='grc' dir='ltr'>κτίζειν</span> <span class='ocrx_word' id='word_1_156' title='bbox 604 1931 826 1993; x_wconf 86' lang='grc' dir='ltr'>πάντων</span> <span class='ocrx_word' id='word_1_157' title='bbox 875 1930 1090 1992; x_wconf 74' lang='grc' dir='ltr'>Ἰώνων·</span> <span class='ocrx_word' id='word_1_158' title='bbox 1160 1932 1254 1991; x_wconf 82' lang='grc' dir='ltr'>καὶ</span> <span class='ocrx_word' id='word_1_159' title='bbox 1306 1929 1448 1991; x_wconf 78' lang='grc' dir='ltr'>οὕτω</span> <span class='ocrx_word' id='word_1_160' title='bbox 1492 1929 1962 2011; x_wconf 72' lang='grc' dir='ltr'>ἀπαλλαχθέντας</span> 
     </span>
     <span class='ocr_line' id='line_1_23' title="bbox 355 2017 1963 2097; baseline 0.003 -20"><span class='ocrx_word' id='word_1_161' title='bbox 355 2020 541 2095; x_wconf 90' lang='grc' dir='ltr'>σφέας</span> <span class='ocrx_word' id='word_1_162' title='bbox 566 2019 911 2096; x_wconf 80' lang='grc' dir='ltr'>δουλοσύνης</span> <span class='ocrx_word' id='word_1_163' title='bbox 938 2018 1374 2097; x_wconf 71' lang='grc' dir='ltr'>εὐδαιμονήσειν,</span> <span class='ocrx_word' id='word_1_164' title='bbox 1402 2017 1590 2095; x_wconf 85' lang='grc' dir='ltr'>νήσων</span> <span class='ocrx_word' id='word_1_165' title='bbox 1612 2043 1675 2079; x_wconf 86' lang='grc' dir='ltr'>τε</span> <span class='ocrx_word' id='word_1_166' title='bbox 1700 2018 1963 2082; x_wconf 75' lang='grc' dir='ltr'>ἁπασέων</span> 
     </span>
     <span class='ocr_line' id='line_1_24' title="bbox 353 2104 1960 2187; baseline -0.001 -20"><span class='ocrx_word' id='word_1_167' title='bbox 353 2106 630 2186; x_wconf 78' lang='grc' dir='ltr'>μεγίστην</span> <span class='ocrx_word' id='word_1_168' title='bbox 671 2107 1004 2184; x_wconf 87' lang='grc' dir='ltr'>νεμομένους</span> <span class='ocrx_word' id='word_1_169' title='bbox 1044 2108 1139 2167; x_wconf 86' lang='grc' dir='ltr'>καὶ</span> <span class='ocrx_word' id='word_1_170' title='bbox 1176 2106 1451 2187; x_wconf 77' lang='grc' dir='ltr'>ἄρχοντας</span> <span class='ocrx_word' id='word_1_171' title='bbox 1476 2104 1686 2166; x_wconf 78' lang='grc' dir='ltr'>ἄλλων·</span> <span class='ocrx_word' id='word_1_172' title='bbox 1726 2106 1960 2183; x_wconf 87' lang='grc' dir='ltr'>μένουσι</span> 
     </span>
     <span class='ocr_line' id='line_1_25' title="bbox 355 2192 1962 2275; baseline 0.001 -24"><span class='ocrx_word' id='word_1_173' title='bbox 355 2192 420 2251; x_wconf 88' lang='grc' dir='ltr'>δέ</span> <span class='ocrx_word' id='word_1_174' title='bbox 456 2200 570 2271; x_wconf 89' lang='grc' dir='ltr'>σφι</span> <span class='ocrx_word' id='word_1_175' title='bbox 609 2200 668 2255; x_wconf 89' lang='grc' dir='ltr'>ἐν</span> <span class='ocrx_word' id='word_1_176' title='bbox 705 2198 780 2273; x_wconf 78' lang='grc' dir='ltr'>τῇ</span> <span class='ocrx_word' id='word_1_177' title='bbox 817 2193 998 2275; x_wconf 85' lang='grc' dir='ltr'>Ἰωνίῃ</span> <span class='ocrx_word' id='word_1_178' title='bbox 1038 2194 1139 2256; x_wconf 76' lang='grc' dir='ltr'>οὐκ</span> <span class='ocrx_word' id='word_1_179' title='bbox 1173 2196 1284 2272; x_wconf 82' lang='grc' dir='ltr'>ἔφη</span> <span class='ocrx_word' id='word_1_180' title='bbox 1316 2198 1512 2272; x_wconf 77' lang='grc' dir='ltr'>ἐνορᾶν</span> <span class='ocrx_word' id='word_1_181' title='bbox 1539 2194 1855 2272; x_wconf 87' lang='grc' dir='ltr'>ἐλευθερίην</span> <span class='ocrx_word' id='word_1_182' title='bbox 1880 2194 1962 2254; x_wconf 80' lang='grc' dir='ltr'>ἔτι</span> 
     </span>
     <span class='ocr_line' id='line_1_26' title="bbox 354 2280 1959 2363; baseline 0 -22"><span class='ocrx_word' id='word_1_183' title='bbox 354 2280 676 2359; x_wconf 85' lang='grc' dir='ltr'>ἐσομένην.”</span> <span class='ocrx_word' id='word_1_184' title='bbox 743 2281 883 2361; x_wconf 78' lang='grc' dir='ltr'>αὕτη</span> <span class='ocrx_word' id='word_1_185' title='bbox 917 2286 1021 2360; x_wconf 80' lang='grc' dir='ltr'>μὲν</span> <span class='ocrx_word' id='word_1_186' title='bbox 1061 2282 1298 2347; x_wconf 90' lang='grc' dir='ltr'>Βίαντος</span> <span class='ocrx_word' id='word_1_187' title='bbox 1325 2286 1427 2343; x_wconf 82' lang='grc' dir='ltr'>τοῦ</span> <span class='ocrx_word' id='word_1_188' title='bbox 1461 2280 1736 2360; x_wconf 86' lang='grc' dir='ltr'>Πριηνέος</span> <span class='ocrx_word' id='word_1_189' title='bbox 1764 2280 1959 2363; x_wconf 73' lang='grc' dir='ltr'>γνώμη</span> 
     </span>
     <span class='ocr_line' id='line_1_27' title="bbox 355 2368 1961 2453; baseline 0.001 -25"><span class='ocrx_word' id='word_1_190' title='bbox 355 2370 448 2429; x_wconf 86' lang='grc' dir='ltr'>ἐπὶ</span> <span class='ocrx_word' id='word_1_191' title='bbox 491 2370 952 2448; x_wconf 83' lang='grc' dir='ltr'>διεφθαρμένοισι</span> <span class='ocrx_word' id='word_1_192' title='bbox 981 2369 1147 2433; x_wconf 86' lang='grc' dir='ltr'>Ἴωσι</span> <span class='ocrx_word' id='word_1_193' title='bbox 1186 2370 1477 2453; x_wconf 86' lang='grc' dir='ltr'>γενομένη·</span> <span class='ocrx_word' id='word_1_194' title='bbox 1518 2368 1742 2451; x_wconf 80' lang='grc' dir='ltr'>χρηστή</span> <span class='ocrx_word' id='word_1_195' title='bbox 1776 2370 1836 2430; x_wconf 81' lang='grc' dir='ltr'>δὲ</span> <span class='ocrx_word' id='word_1_196' title='bbox 1867 2370 1961 2429; x_wconf 86' lang='grc' dir='ltr'>καὶ</span> 
     </span>
     <span class='ocr_line' id='line_1_28' title="bbox 353 2456 1961 2537; baseline 0.001 -22"><span class='ocrx_word' id='word_1_197' title='bbox 353 2458 486 2535; x_wconf 85' lang='grc' dir='ltr'>πρὶν</span> <span class='ocrx_word' id='word_1_198' title='bbox 514 2456 553 2535; x_wconf 85' lang='grc' dir='ltr'><strong><em>ἢ</em></strong></span> <span class='ocrx_word' id='word_1_199' title='bbox 585 2458 960 2537; x_wconf 82' lang='grc' dir='ltr'>διαφθαρῆναι</span> <span class='ocrx_word' id='word_1_200' title='bbox 983 2456 1195 2535; x_wconf 88' lang='grc' dir='ltr'>Ἰωνίην</span> <span class='ocrx_word' id='word_1_201' title='bbox 1221 2456 1419 2517; x_wconf 84' lang='grc' dir='ltr'>Θάλεω</span> <span class='ocrx_word' id='word_1_202' title='bbox 1445 2456 1643 2535; x_wconf 82' lang='grc' dir='ltr'>οἷνδρος</span> <span class='ocrx_word' id='word_1_203' title='bbox 1666 2458 1961 2535; x_wconf 87' lang='grc' dir='ltr'>Μιλησίου</span> 
     </span>
     <span class='ocr_line' id='line_1_29' title="bbox 355 2543 1957 2627; baseline 0 -23"><span class='ocrx_word' id='word_1_204' title='bbox 355 2546 588 2626; x_wconf 88' lang='grc' dir='ltr'>ἐγένετο,</span> <span class='ocrx_word' id='word_1_205' title='bbox 625 2546 692 2607; x_wconf 76' lang='grc' dir='ltr'>τὰ</span> <span class='ocrx_word' id='word_1_206' title='bbox 733 2546 996 2608; x_wconf 88' lang='grc' dir='ltr'>ανέκαθεν</span> <span class='ocrx_word' id='word_1_207' title='bbox 1025 2546 1187 2627; x_wconf 82' lang='grc' dir='ltr'>γένος</span> <span class='ocrx_word' id='word_1_208' title='bbox 1222 2543 1409 2609; x_wconf 87' lang='grc' dir='ltr'>ἐόντος</span> <span class='ocrx_word' id='word_1_209' title='bbox 1438 2545 1709 2611; x_wconf 88' lang='grc' dir='ltr'>Φοίνικος·</span> <span class='ocrx_word' id='word_1_210' title='bbox 1750 2544 1812 2609; x_wconf 81' lang='grc' dir='ltr'>ὂς</span> <span class='ocrx_word' id='word_1_211' title='bbox 1848 2545 1957 2605; x_wconf 77' lang='grc' dir='ltr'>ἐκέ-</span> 
     </span>
     <span class='ocr_line' id='line_1_30' title="bbox 352 2632 1962 2712; baseline 0 -21"><span class='ocrx_word' id='word_1_212' title='bbox 352 2636 484 2693; x_wconf 89' lang='grc' dir='ltr'>λευε</span> <span class='ocrx_word' id='word_1_213' title='bbox 520 2634 600 2671; x_wconf 65' lang='lat'>“‘⁸</span> <span class='ocrx_word' id='word_1_214' title='bbox 572 2660 630 2695; x_wconf 90' lang='grc' dir='ltr'>εν</span> <span class='ocrx_word' id='word_1_215' title='bbox 659 2634 1065 2712; x_wconf 87' lang='grc' dir='ltr'>βουλευτήριον</span> <span class='ocrx_word' id='word_1_216' title='bbox 1091 2632 1289 2697; x_wconf 82' lang='grc' dir='ltr'>Ἴωνας</span> <span class='ocrx_word' id='word_1_217' title='bbox 1319 2633 1605 2711; x_wconf 82' lang='grc' dir='ltr'>ἐκτῆσθαι,</span> <span class='ocrx_word' id='word_1_218' title='bbox 1638 2632 1707 2694; x_wconf 82' lang='grc' dir='ltr'><strong><em>τό</em></strong></span> <span class='ocrx_word' id='word_1_219' title='bbox 1734 2633 1795 2693; x_wconf 78' lang='grc' dir='ltr'>δὲ</span> <span class='ocrx_word' id='word_1_220' title='bbox 1822 2632 1962 2693; x_wconf 81' lang='grc' dir='ltr'>εἶναι</span> 
     </span>
     <span class='ocr_line' id='line_1_31' title="bbox 354 2719 1961 2804; baseline 0.002 -23"><span class='ocrx_word' id='word_1_221' title='bbox 354 2724 414 2781; x_wconf 84' lang='grc' dir='ltr'>ἐν</span> <span class='ocrx_word' id='word_1_222' title='bbox 438 2722 574 2801; x_wconf 87' lang='grc' dir='ltr'>Τέω·</span> <span class='ocrx_word' id='word_1_223' title='bbox 620 2723 770 2784; x_wconf 89' lang='grc' dir='ltr'>Τέων</span> <span class='ocrx_word' id='word_1_224' title='bbox 792 2722 904 2804; x_wconf 72' lang='grc' dir='ltr'>γὰρ</span> <span class='ocrx_word' id='word_1_225' title='bbox 928 2722 1110 2798; x_wconf 89' lang='grc' dir='ltr'>μέσον</span> <span class='ocrx_word' id='word_1_226' title='bbox 1136 2720 1275 2783; x_wconf 83' lang='grc' dir='ltr'>εἶναι</span> <span class='ocrx_word' id='word_1_227' title='bbox 1298 2719 1525 2798; x_wconf 90' lang='grc' dir='ltr'>Ἰωνίης·</span> <span class='ocrx_word' id='word_1_228' title='bbox 1564 2720 1665 2786; x_wconf 70' lang='grc' dir='ltr'>τὰς</span> <span class='ocrx_word' id='word_1_229' title='bbox 1690 2721 1750 2781; x_wconf 84' lang='grc' dir='ltr'>δὲ</span> <span class='ocrx_word' id='word_1_230' title='bbox 1776 2719 1961 2785; x_wconf 73' lang='grc' dir='ltr'>ἄλλας</span> 
     </span>
     <span class='ocr_line' id='line_1_32' title="bbox 353 2806 1955 2887; baseline -0.002 -19"><span class='ocrx_word' id='word_1_231' title='bbox 353 2808 559 2873; x_wconf 89' lang='grc' dir='ltr'>πόλιας</span> <span class='ocrx_word' id='word_1_232' title='bbox 585 2810 898 2887; x_wconf 83' lang='grc' dir='ltr'>οἰκεομένας</span> <span class='ocrx_word' id='word_1_233' title='bbox 922 2809 1096 2886; x_wconf 80' lang='grc' dir='ltr'>μηδὲν</span> <span class='ocrx_word' id='word_1_234' title='bbox 1119 2807 1311 2886; x_wconf 83' lang='grc' dir='ltr'>ἧσσον</span> <span class='ocrx_word' id='word_1_235' title='bbox 1348 2806 1676 2886; x_wconf 80' lang='grc' dir='ltr'>νομίζεσθαι</span> <span class='ocrx_word' id='word_1_236' title='bbox 1709 2807 1955 2885; x_wconf 80' lang='grc' dir='ltr'>κατάπερ</span> 
     </span>
     <span class='ocr_line' id='line_1_33' title="bbox 353 2894 1957 2979; baseline -0.001 -22"><span class='ocrx_word' id='word_1_237' title='bbox 353 2899 404 2957; x_wconf 84' lang='grc' dir='ltr'>εἰ</span> <span class='ocrx_word' id='word_1_238' title='bbox 450 2896 618 2974; x_wconf 78' lang='grc' dir='ltr'>δῆμοι</span> <span class='ocrx_word' id='word_1_239' title='bbox 661 2896 820 2959; x_wconf 82' lang='grc' dir='ltr'>εἶεν.”</span> <span class='ocrx_word' id='word_1_240' title='bbox 877 2896 1019 2959; x_wconf 78' lang='grc' dir='ltr'>οὕτω</span> <span class='ocrx_word' id='word_1_241' title='bbox 1056 2899 1163 2976; x_wconf 81' lang='grc' dir='ltr'>μὲν</span> <span class='ocrx_word' id='word_1_242' title='bbox 1202 2896 1272 2973; x_wconf 90' lang='grc' dir='ltr'>δή</span> <span class='ocrx_word' id='word_1_243' title='bbox 1314 2903 1427 2975; x_wconf 89' lang='grc' dir='ltr'>σφι</span> <span class='ocrx_word' id='word_1_244' title='bbox 1464 2896 1688 2979; x_wconf 76' lang='grc' dir='ltr'>γνώμας</span> <span class='ocrx_word' id='word_1_245' title='bbox 1727 2894 1957 2958; x_wconf 87' lang='grc' dir='ltr'>τοιάσδε</span> 
     </span>
     <span class='ocr_line' id='line_1_34' title="bbox 351 2983 706 3056; baseline 0.003 -11"><span class='ocrx_word' id='word_1_246' title='bbox 351 2983 706 3056; x_wconf 74' lang='grc' dir='ltr'>ἀπεδέξαντο.</span> 
     </span>
    </p>

    <p class='ocr_par' dir='ltr' id='par_1_4' title="bbox 348 3070 2045 3329">
     <span class='ocr_line' id='line_1_35' title="bbox 423 3070 2045 3155; baseline -0.003 -21.931"><span class='ocrx_word' id='word_1_247' title='bbox 423 3071 715 3155; x_wconf 78' lang='grc' dir='ltr'>’Ἅρπαγος</span> <span class='ocrx_word' id='word_1_248' title='bbox 754 3073 814 3134; x_wconf 83' lang='grc' dir='ltr'>δὲ</span> <span class='ocrx_word' id='word_1_249' title='bbox 854 3071 1378 3153; x_wconf 86' lang='grc' dir='ltr'>καταστρεψάμενος</span> <span class='ocrx_word' id='word_1_250' title='bbox 1405 3072 1633 3149; x_wconf 89' lang='grc' dir='ltr'>Ἰωνίην,</span> <span class='ocrx_word' id='word_1_251' title='bbox 1671 3070 1915 3131; x_wconf 88' lang='grc' dir='ltr'>ἐποιέετο</span> <span class='ocrx_word' id='word_1_252' title='bbox 1934 3070 2045 3131; x_wconf 83' lang='grc'>171</span> 
     </span>
     <span class='ocr_line' id='line_1_36' title="bbox 349 3154 1959 3241; baseline -0.006 -19"><span class='ocrx_word' id='word_1_253' title='bbox 349 3162 656 3241; x_wconf 89' lang='grc' dir='ltr'>στρατηιην</span> <span class='ocrx_word' id='word_1_254' title='bbox 684 3161 776 3221; x_wconf 86' lang='grc' dir='ltr'>ἐπὶ</span> <span class='ocrx_word' id='word_1_255' title='bbox 803 3165 999 3238; x_wconf 80' lang='grc' dir='ltr'>Κᾶρας</span> <span class='ocrx_word' id='word_1_256' title='bbox 1025 3161 1116 3220; x_wconf 85' lang='grc' dir='ltr'>καὶ</span> <span class='ocrx_word' id='word_1_257' title='bbox 1143 3162 1417 3225; x_wconf 76' lang='grc' dir='ltr'>Καυνίους</span> <span class='ocrx_word' id='word_1_258' title='bbox 1445 3160 1537 3220; x_wconf 87' lang='grc' dir='ltr'>καὶ</span> <span class='ocrx_word' id='word_1_259' title='bbox 1560 3158 1813 3226; x_wconf 87' lang='grc' dir='ltr'>Λυκίους,</span> <span class='ocrx_word' id='word_1_260' title='bbox 1840 3154 1959 3231; x_wconf 80' lang='grc' dir='ltr'>ἅμα</span> 
     </span>
     <span class='ocr_line' id='line_1_37' title="bbox 348 3239 1957 3329; baseline -0.004 -20"><span class='ocrx_word' id='word_1_261' title='bbox 348 3247 623 3329; x_wconf 81' lang='grc' dir='ltr'>άγόμενος</span> <span class='ocrx_word' id='word_1_262' title='bbox 665 3250 760 3311; x_wconf 83' lang='grc' dir='ltr'>καὶ</span> <span class='ocrx_word' id='word_1_263' title='bbox 792 3247 989 3314; x_wconf 80' lang='grc' dir='ltr'>Ἴωνας</span> <span class='ocrx_word' id='word_1_264' title='bbox 1035 3248 1128 3309; x_wconf 83' lang='grc' dir='ltr'>καὶ</span> <span class='ocrx_word' id='word_1_265' title='bbox 1170 3249 1431 3311; x_wconf 80' lang='grc' dir='ltr'>Αἰολέας.</span> <span class='ocrx_word' id='word_1_266' title='bbox 1498 3246 1610 3305; x_wconf 82' lang='grc' dir='ltr'>εἰσὶ</span> <span class='ocrx_word' id='word_1_267' title='bbox 1649 3243 1709 3303; x_wconf 91' lang='grc' dir='ltr'>δε</span> <span class='ocrx_word' id='word_1_268' title='bbox 1746 3239 1957 3303; x_wconf 80' lang='grc' dir='ltr'>τούτων</span> 
     </span>
    </p>
   </div>
  </div>
 </body>
</html>
