2267 3517
313 136 411 185 110
930 137 1297 188 ἩΡοΔοϊοτ
1809 119 1911 203 [112

312 217 588 293 τημέρους
610 215 841 299 ἄγοντες
861 218 993 282 τοῦς
1016 217 1259 278 δυώδεκα
1282 221 1479 296 μῆνας,
1507 218 1784 300 ἐπάγουσι
1809 218 1914 280 α’νιῖ

314 308 431 363 πᾶν
456 304 577 368 ἔτος
600 306 766 366 πέντε
789 305 998 383 ἡμέρας
1021 305 1202 382 πάρεξ
1233 309 1334 366 τοῦ
1361 305 1620 383 α’ριθμοῦ·
1676 307 1774 366 καί
1803 312 1916 383 σφι

315 390 353 451 ὅ
391 389 594 457 κύκλος
628 397 738 454 τῶν
772 393 952 472 ὦρέων
983 398 1038 457 ἐς
1066 392 1243 453 τῶυτό
1283 392 1509 471 περιϊών
1534 394 1915 474 παραγίνεται.

315 478 557 540 δυώδεκά
578 506 642 541 τε
669 482 809 542 θεῶν
834 481 1141 558 ἐπωνυμίας
1166 481 1360 563 ἔλεγον
1384 480 1633 558 πρώτους
1651 483 1917 563 Αἰγυπτί-

318 593 412 631 ους
436 569 683 646 νομίσαι,
724 570 817 628 καὶ
836 569 1127 645 Ἕλληνας
1160 569 1316 647 παρὰ
1355 569 1548 645 σφέων
1585 567 1912 645 ἀναλαβεῖν·

316 656 547 732 βωμούς
583 682 647 717 τε
678 657 776 716 καὶ
806 656 1110 738 ἀγάλματα
1143 657 1238 716 καὶ
1281 655 1445 733 νηοῦς
1485 658 1668 718 θεοῖσι
1698 657 1917 718 ἀπονεῖ-

316 768 421 819 μαι
462 743 649 820 σφέας
688 744 953 821 πρώτους,
987 745 1080 803 καὶ
1112 744 1226 815 ζῶα
1268 749 1327 804 ἐν
1361 745 1578 805 λίθοισι
1621 743 1914 826 ἐγγλύψαι.

320 831 414 890 καὶ
454 830 664 893 τούτων
703 832 809 909 μέν
846 858 943 893 νυν
980 831 1054 892 τσῖ
1095 832 1251 893 πλέω
1298 833 1438 914 ἔργῳ
1491 831 1726 908 ἐδήλουν
1777 832 1918 893 οὕτω

318 918 604 1000 γενόμενα·
658 921 1013 997 βασιλεῦσαι
1044 918 1102 979 δὲ
1136 924 1358 997 πρῶτον
1388 918 1676 1001 Αἰγύπτου
1709 919 1917 998 ἀνθρώ-

252 1044 259 1051 ,
318 1031 438 1067 πων
464 1008 658 1089 ἔλεγον
683 1012 875 1083 Μῆνα·
921 1009 1014 1067 ἐπὶ
1044 1006 1261 1079 τούτου,
1301 1007 1456 1083 πλὴν
1488 1011 1591 1068 τοῦ
1625 1010 1918 1084 Θηβαϊκοῦ

319 1098 493 1171 νομοῦ
527 1100 721 1156 πᾶσαν
756 1096 1043 1177 Αἴγυπτον
1074 1094 1214 1157 εἶναι
1249 1095 1392 1159 ἕλος·
1451 1095 1544 1155 καὶ
1583 1094 1755 1171 αὐτῆς
1780 1096 1919 1156 εἶναι

320 1181 479 1243 οὐδὲν
506 1182 779 1263 ὑπερέχον
807 1187 918 1243 τῶν
954 1186 1052 1244 νῦν
1088 1183 1272 1260 ἔνερθε
1311 1184 1512 1259 λίμνης
1544 1187 1647 1260 τῆς
1680 1185 1919 1261 Μοίριος

322 1268 539 1332 ε’όντων·
594 1276 650 1335 ἐς
679 1270 787 1347 τὴν
816 1268 1099 1333 ἀνάπλους
1132 1269 1246 1331 ἀπὸ
1283 1270 1584 1348 θαλάσσης
1623 1271 1761 1332 ἑπτὰ
1785 1272 1918 1349 ἠμε-

264 1360 304 1417 5
318 1358 458 1435 ρέων
496 1359 622 1418 ἐστὶ
666 1358 773 1419 οἷνοὶ
806 1357 910 1419 τόν
947 1356 1223 1434 ποταμόν.
1307 1359 1424 1417 Καὶ
1465 1358 1524 1418 εὖ
1564 1385 1664 1436 μοι
1700 1359 1920 1421 ἐδόκεον

320 1445 508 1527 λέγειν
532 1447 661 1525 περὶ
685 1449 789 1522 τῆς
822 1443 1021 1525 χώρης·
1080 1445 1230 1521 δῆλα
1263 1446 1373 1527 γὰρ
1411 1446 1480 1523 δὴ
1513 1448 1607 1506 καὶ
1640 1447 1720 1524 μὴ
1747 1473 1919 1524 προα-

322 1533 589 1596 κούσαντι
622 1534 792 1595 ἰδόντι
818 1534 894 1604 δὲ,
936 1532 1097 1597 ὅστις
1126 1557 1194 1615 γε
1221 1532 1450 1594 σύνεσιν
1483 1535 1610 1613 ἔχει,
1637 1534 1725 1595 ὅτι
1750 1536 1919 1617 Αἴγυ-

320 1646 476 1693 πτος,
535 1627 591 1686 ἐς
644 1621 750 1699 τήν
792 1620 1071 1697 Ἕλληνες
1115 1622 1528 1693 ναυτιλλονται,
1583 1623 1705 1683 ἔστι
1750 1627 1919 1705 Αἰγυ-

318 1710 539 1771 πτίοισι
565 1709 853 1787 ἐπίκτητός
874 1733 938 1770 τε
956 1713 1033 1789 γῆ
1062 1709 1155 1768 καὶ
1181 1709 1354 1787 δῶρον
1370 1714 1470 1770 τοῦ
1496 1714 1772 1787 ποταμοῦ·
1827 1713 1920 1771 καὶ

316 1798 391 1858 τοὶ
432 1797 740 1876 κατύπερθε
788 1798 869 1858 ἔτι
908 1801 1011 1872 τῆς
1048 1797 1253 1874 λίμνης
1298 1796 1502 1872 ταύτης
1546 1797 1715 1877 μέχρι
1752 1803 1921 1875 τριῶν

318 1886 565 1965 ἡμερέων
594 1885 796 1957 πλόου,
830 1889 933 1962 τῆς
962 1885 1093 1963 πέρι
1119 1889 1316 1946 ἐκεῖνοι
1342 1884 1500 1946 οὐδὲν
1524 1886 1604 1947 ἔτι
1651 1885 1909 1971 [τοιόνδε]

320 1976 532 2057 ἔλεγον·
588 1976 710 2036 ἔστι
734 1974 835 2033 δ’
808 1998 995 2052 ετερον
1016 1978 1290 2034 τοιοῦτον.

401 2062 687 2146 Αἰγύπτου
743 2061 855 2144 γὰρ
910 2060 1084 2139 φύσις
1146 2065 1248 2137 τῆς
1304 2061 1490 2142 χώρης
1541 2061 1666 2123 ε’στὶ
1713 2047 1917 2177 τοιήδε·

318 2178 513 2234 πρωτα
544 2154 649 2230 μὲν
680 2150 1101 2229 προσπλέων,”
1073 2175 1153 2211 ετι
1195 2150 1287 2210 καὶ
1319 2150 1532 2228 ἡμέρης
1555 2149 1824 2228 δρόμον’
1787 2154 1921 2213 απέ-

317 2267 434 2321 χων
484 2239 597 2300 <ivd
648 2243 770 2321 γῆς,
831 2238 1013 2301 κατεὶς
1066 2238 1564 2315 καταπειρητηρίην
1622 2238 1809 2315 πηλόν
1856 2265 1920 2300 τε

319 2328 562 2391 ἀνοίσεις
595 2328 687 2386 καὶ
734 2330 793 2385 ἐν
836 2326 1027 2385 ἕνδεκα
1066 2325 1329 2407 ὀργυιῇσι
1372 2326 1545 2385 ἔσεαι.
1590 2330 1778 2387 ’τοῦτο
1816 2330 1922 2404 μὲν

266 2418 347 2475 6’
321 2415 413 2475 επὶ
436 2416 680 2475 τοσοῦτο
706 2412 873 2488 δηλοῖ
894 2411 1177 2492 πρόχυσιν
1199 2416 1302 2488 τῆς
1322 2416 1430 2522 γῆς
1455 2416 1678 2474 ἐοῦσαν.
1733 2414 1922 2492 Αυτῆς

321 2503 383 2562 δὲ
420 2506 522 2578 τῆς
560 2498 848 2583 Αἰγύπτου
892 2500 1017 2559 ἐστι
1065 2503 1246 2577 μῆκος
1289 2499 1356 2559 τό
1408 2525 1564 2577 παρα
1615 2499 1922 2563 θαλασσαν

322 2588 593 2666 εξήκοντα
632 2589 872 2667 σχοῖνοι,
921 2586 1063 2647 κατὰ
1096 2586 1264 2665 ἡμέες
1301 2586 1612 2664 διαιρέομεν
1652 2588 1794 2649 εἶναι
1821 2590 1920 2649 Αἴ-

320 2702 534 2761 γυπτον
559 2676 672 2737 ἀπο
698 2679 801 2735 τοῦ
837 2673 1224 2752 Πλινθινήτεω
1259 2673 1476 2735 κόλπου
1500 2676 1670 2756 μέχρι
1696 2678 1921 2755 Σερβω-

324 2766 473 2829 νίδος
496 2766 713 2843 λίμνης,
739 2763 869 2841 παρ’
894 2762 966 2840 ἣν
988 2763 1057 2824 τό
1083 2760 1364 2823 Κάσιον”
1331 2789 1460 2841 opos·
1494 2766 1674 2825 τείνει·
1717 2764 1922 2877 ταύτης

322 2878 397 2913 ων
441 2878 554 2913 απο
600 2879 655 2913 οι
708 2851 972 2928 εξήκοντα
1012 2850 1242 2931 σχοῖνοί
1290 2854 1420 2911 εἰσι·
1487 2850 1618 2913 ὅσοι
1667 2854 1773 2930 μὲν
1807 2853 1921 2934 γοὶρ

318 2942 617 3024 γεωπεῖναί
636 2944 748 3001 εἶσι
772 2938 1088 3017 ἀνθρώπων,
1122 2938 1386 3021 ὀργυιῇσι
1409 2938 1793 3017 μεμετρήκασι
1817 2939 1922 3015 τήν

319 3028 525 3110 χώρην·
580 3027 711 3089 ὅσοι
750 3025 871 3087 δὲ
834 3052 1024 3103 ησσον
1061 3030 1373 3109 γεωπεῖναι,
1418 3026 1720 3087 σταδίοισι·
1769 3026 1825 3085 οι
1860 3027 1922 3086 δὲ

320 3117 548 3195 πολλὴν
578 3117 791 3197 ἔχουσι,
824 3112 1253 3196 παρασάγγῃσι·
1287 3114 1343 3175 οἳ
1381 3114 1441 3173 δὲ
1479 3112 1732 3190 ἄφθονον
1769 3113 1918 3189 λίην,

321 3207 619 3286 σχοίνοισι.
703 3202 929 3265 δύναται
954 3202 1016 3261 δὲ
1040 3201 1073 3263 ὁ
1096 3206 1203 3280 μὲν
1227 3201 1601 3283 παρασάγγης
1623 3198 1920 3276 τριήκοντα

320 3293 543 3365 στάδια,
570 3292 603 3355 ὅ
628 3294 689 3355 δὲ
708 3294 938 3374 σχοῖνος
963 3290 1216 3361 ἕκαστος,
1242 3291 1448 3369 μέτρον
1477 3289 1571 3353 ε’ὁν
1595 3286 1918 3367 Αἰγύπτιον,
