2267 3517
350 140 632 206 127--1301
1051 141 1321 194 emma.
1853 147 1953 198 263

347 221 520 300 ὁρέων
545 220 612 282 δέ
637 226 822 298 σφεας
855 220 928 282 τά
954 246 1019 282 τε
1048 222 1267 299 βιβλία
1300 219 1650 296 σεβομέιιους
1674 224 1949 305 μεγάλως,

345 309 442 369 καὶ
475 309 548 369 τὰ
577 307 858 391 λεγόμενα
895 313 956 369 ἐκ
990 313 1102 370 τῶν
1130 310 1384 386 βιβλίων
1414 307 1495 366 ἔτι
1527 309 1783 384 μεζόνως,
1810 312 1956 374 διδοῖ

339 394 500 470 ἱἄλλα
534 402 593 458 ἐν
622 400 700 475 τῷ
731 399 860 472 ἐνῆν
895 397 1029 456 ἔπεα
1061 397 1215 456 τάδε·
1257 406 1294 432 “
1310 395 1353 456 ὦ
1401 395 1638 471 Πέρσαι,
1670 399 1951 474 βασιλεῦς

346 488 586 561 Δαρεῖος
615 482 950 565 ἀπαγορεύει
979 483 1114 560 ὑμῖν
1143 483 1224 560 μὴ
1250 484 1612 562 δορυφορέειν
1636 486 1949 562 Ὀροίτεα·”

345 575 400 632 οἶ
447 573 506 631 δὲ
551 571 892 635 ἀκούσαντες
927 571 1139 632 τούτων
1180 571 1429 652 μετῆκάν
1474 575 1529 632 οἶ
1571 573 1673 639 τοὶς
1712 576 1938 654 αἰχμάς·

345 659 474 720 ἔδων
500 660 560 720 δὲ
583 658 751 720 τοῦτό
777 665 964 735 σφεας
987 659 1021 719 ὅ
1047 663 1295 741 Βαγαῖος
1319 660 1677 737 πειθομένους
1700 666 1779 741 τῷ
1801 665 1942 740 βιβ-

345 748 468 827 My,
487 748 724 809 ἐνθαῦτα
741 747 810 824 δὴ
829 746 1126 825 θαρσήσας
1146 746 1213 807 τὸ
1233 751 1555 810 τελευταῖον
1567 754 1677 810 τῶν
1688 752 1949 828 βιβλίων

345 835 491 896 διδοῖ
511 840 588 915 τῷ
612 838 1033 917 γραμματιστῇ,
1062 840 1121 896 ἐν
1146 837 1225 913 τῷ
1250 836 1578 916 ἐγέγραπτο·
1612 845 1649 874 “
1668 839 1949 904 Βασιλεῧς

347 927 584 1002 Δαρεῖος
616 925 884 1002 Πέρσῃσι
913 926 1068 984 τοῖσι
1101 928 1161 983 ἐν
1194 922 1432 1000 Σάρδισι
1462 921 1781 986 ἐντέλλεται
1808 928 1948 988 κτεί-

345 1037 458 1072 νειν
481 1011 790 1094 Ὀροίτεα.”
857 1014 913 1071 οἱ
945 1011 1006 1070 δὲ
1037 1009 1345 1088 δορυφόροι
1376 1010 1447 1075 οἷς
1470 1010 1721 1087 ἤκουσαν
1751 1018 1942 1089 ταῦτα,

345 1099 707 1175 σπασάμενοι
730 1098 859 1162 τοῦς
886 1097 1177 1162 οἷκινάκεας
1196 1100 1473 1159 κτείνουσι
1490 1101 1803 1177 παραυτίκα
1826 1127 1944 1179 μιν.

347 1185 490 1246 οἴσω
540 1187 608 1262 δή
652 1185 910 1264 Ὀροίτεα
961 1186 1061 1248 τὸν
1113 1186 1350 1264 Πέρσην
1401 1187 1796 1265 Πολυκράτεος
1840 1193 1945 1252 τοῦ
1984 1243 1993 1250 .

349 1274 565 1351 Σαμίου
589 1273 766 1338 τίσιες
789 1275 1092 1351 μετῆλθον.

426 1361 803 1439 Ἀπικομένων
822 1362 882 1422 δὲ
902 1388 994 1422 και
972 1361 1497 1439 ἀνακομισθέντων
1514 1366 1625 1425 τῶν
1641 1361 1907 1441 Ὀροίτεω
1926 1367 2039 1427 129

345 1448 648 1560 χρημάτων
678 1455 733 1514 ἐς
763 1449 836 1510 τοὶ
876 1451 1087 1521 Σουσα,
1121 1449 1408 1527 συνήνεικε
1438 1451 1621 1530 χρόνῳ
1652 1452 1716 1512 οὗ
1748 1457 1947 1514 πολλω

345 1564 584 1618 υστερον
621 1539 878 1615 βασιλέα
911 1537 1153 1616 Δαρεῖον
1195 1544 1253 1599 ἐν
1285 1538 1431 1618 ἄγρῃ
1472 1541 1655 1618 θηρῶν
1694 1540 1946 1619 α’,ποθρῶ-

343 1651 558 1688 σκοντα
583 1626 695 1688 ἀπο
725 1626 898 1687 ἵππου
923 1631 1251 1704 στραφῆναι
1274 1626 1375 1687 τόν
1397 1626 1563 1688 πόδα·
1605 1630 1703 1690 καί
1729 1656 1831 1692 κως
1860 1634 1942 1691 ἶσ-

344 1716 652 1795 χυροτέρως
678 1713 956 1794 ἐστράφη·
990 1714 1021 1774 ὁ
1047 1714 1158 1795 γάρ
1180 1718 1234 1774 οἶ
1252 1713 1613 1797 ἀστράγαλος
1632 1717 1945 1796 ἐξεχώρησε

345 1809 407 1864 ἐκ
431 1808 540 1864 τῶν
559 1801 794 1882 ἄρθρων.
852 1802 1088 1880 νομίζων
1109 1803 1170 1862 δὲ
1198 1803 1288 1862 καὶ
1308 1801 1579 1880 πρότερον
1597 1806 1725 1880 περὶ
1744 1805 1946 1866 ἐωυτόν

345 1892 492 1970 ἔχειν
522 1891 838 1973 Αἰγυπτίων
879 1889 1008 1953 τούς
1049 1889 1339 1952 δοκέοντας
1374 1889 1513 1950 εἶναι
1552 1891 1804 1967 πρώτους
1840 1891 1945 1970 τὴν

345 1978 613 2056 ἰητρικήν,
645 1977 900 2038 τούτοισι
939 1981 1163 2056 ἐχρῆτο·
1206 1980 1261 2038 οἱ
1298 1977 1360 2036 δὲ
1398 1979 1811 2054 στρεβλοῦντες
1850 1981 1944 2040 καὶ

344 2066 614 2142 βιώμενοι
639 2065 740 2126 τόν
765 2065 928 2135 πόδα,
957 2065 1127 2125 κακόν
1151 2066 1321 2142 μέζον
1348 2064 1666 2145 ἐργάζοντο·
1699 2064 1784 2126 ἐπ’
1804 2066 1944 2126 ἔπτὰ

345 2154 450 2230 μὲν
485 2151 554 2228 δὴ
584 2151 796 2230 ἡμέρας
833 2154 926 2212 καὶ
962 2152 1101 2212 ἑπτοὶ
1137 2152 1335 2218 νύκτας
1364 2150 1474 2212 find
1504 2155 1605 2213 τοῦ
1641 2153 1943 2231 παρεόντος
2014 2147 2019 2150 ’

346 2244 519 2301 κακοῦ
545 2239 578 2301 ό
607 2245 845 2318 Δαρεῖος
875 2240 1219 2322 ἀγρυπνίῃσι
1246 2241 1445 2322 εἴχετο·
1484 2244 1556 2320 τῇ
1582 2240 1642 2302 δὲ
1672 2241 1740 2318 δὴ
1767 2240 1940 2323 ὄγδόῃ

342 2329 525 2408 ἡμέρῃ
569 2330 758 2409 ἔχοντί
795 2332 850 2390 οἶ
893 2328 1175 2406 φλαύρως,
1218 2328 1312 2388 οἷα
1352 2327 1421 2404 δὴ
1461 2329 1822 2407 παρακούσας
1859 2357 1944 2396 τις

341 2417 616 2496 πρότερον
641 2419 723 2477 ἔτι
755 2421 814 2478 ἐν
846 2415 1084 2494 Σάρδισι
1117 2419 1220 2478 τοῦ
1252 2417 1647 2495 Κροτωνιήτεω
1680 2418 1941 2495 Δημοκή-

342 2506 468 2570 δεος
497 2505 603 2582 τὴν
626 2507 844 2586 τέχνην,
873 2505 1215 2587 ἐσαγγέλλει
1244 2509 1321 2583 τῷ
1347 2505 1583 2584 Δαρείῳ·
1625 2505 1657 2566 ὁ
1690 2506 1750 2566 δὲ
1784 2505 1940 2588 ἄγειν

343 2619 442 2671 μιν
471 2593 576 2670 τὴν
611 2595 890 2674 ταχίστην
923 2593 1055 2672 παρ’
1082 2590 1284 2654 ἑωυτόν
1316 2593 1595 2658 ἐκέλευσε.
1660 2593 1760 2654 τόν
1784 2594 1845 2654 δὲ
1871 2595 1943 2659 ὦς

343 2682 564 2759 ἐξεῦρον
608 2687 668 2742 ἐν
711 2686 868 2743 τοῖσι
917 2680 1183 2760 Ὀροίτεω
1234 2679 1635 2758 α’νδραπόδοισι
1686 2680 1819 2742 ὅκου
1873 2682 1942 2759 δή

340 2767 793 2848 ἀπημελημένον,
819 2772 1076 2852 παρῆγον
1111 2775 1169 2832 ἐς
1200 2768 1382 2845 μέσον
1406 2769 1577 2832 πέδας
1600 2794 1661 2830 τε
1688 2769 1939 2842 ἕλκοντα,

342 2858 435 2918 καὶ
464 2858 664 2936 ῥάκεσι
699 2859 1030 2936 ἐσθημένον.
1098 2856 1385 2922 Σταθέντα
1419 2856 1480 2916 δὲ
1516 2863 1571 2922 ἐς
1604 2858 1800 2933 μέσον,
1830 2862 1897 2916 εἰ·
1922 2859 2036 2918 130

338 2945 492 3023 ρῶτα
531 2945 563 3006 ὅ
605 2950 844 3024 Δαρεῖος
876 2945 982 3021 τὴν
1009 2946 1214 3025 τέχνην
1251 2949 1299 3006 εἶ
1329 2945 1639 3005 ἐπίσταιτο·
1680 2944 1714 3004 ὁ
1755 2945 1801 3004 δ’
1838 2943 1939 3004 οὐκ

338 3034 651 3105 ὖπεὸέκετο,
679 3034 962 3112 α’ρρωδέων
979 3033 1060 3112 μή
1087 3031 1288 3094 ἑωυτὸν
1314 3032 1561 3112 ἐκφῄνας
1583 3033 1651 3092 *ro*
1676 3031 1942 3109 παράπαν

337 3127 441 3199 τῆς
491 3122 772 3187 Ἑλλάδος
810 3121 852 3202 ᾗ
903 3121 1369 3198 ἀπεστερημένος·
1433 3119 1719 3196 κατεφάνη
1760 3120 1821 3200 δὲ
1864 3124 1943 3199 τῷ

341 3212 561 3292 Δαρείῳ
586 3210 888 3292 τεχνάζειν,
915 3209 1303 3287 ἐπιστάμενος·
1346 3208 1437 3284 καὶ
1461 3208 1591 3270 τούς
1630 3206 1943 3288 ἀγαγόντας

337 3299 510 3363 αὖτόν
542 3302 806 3362 ἐκέλευσε
843 3298 1124 3377 μάστιγάς
1154 3322 1219 3357 τε
1254 3295 1348 3356 καὶ
1375 3295 1573 3370 κέντρα
1598 3295 1905 3372 παραφέρει
