2267 3517
340 110 437 157 138
959 110 1330 159 ἬΡοΔοΤοτ
1839 108 1943 173 [Π.

249 188 323 247 62
342 185 511 257 ξεῖνοι
538 186 631 246 καὶ
656 185 756 248 οῦκ
789 187 1107 269 Αἰγύπτιοι.
1185 186 1282 251 Ἐς
1319 186 1458 252 Σάϊν
1484 186 1545 247 δὲ
1578 186 1751 247 πόλιν
1781 188 1952 249 ἐπεὰν

342 275 740 353 συλλεχθέωσι
763 278 903 353 τῇσι
930 276 1182 354 θυσίῃσι,
1213 276 1270 335 ἔν
1294 300 1404 335 τινι
1429 275 1584 334 νυκτὶ
1617 274 1802 353 λύχνα
1833 274 1949 334 καί·

343 387 473 422 ουσι
498 360 701 425 πάντες
725 362 922 422 πολλοὶ
947 358 1217 439 ὑπαίθρια
1240 361 1370 440 περὶ
1393 361 1465 421 τὰ
1493 359 1718 438 δώματα
1745 359 1962 441 κύκλῳ·-

346 448 419 510 τσῖ
445 450 505 510 δὲ
530 449 713 529 λύχνα
738 451 861 510 ἐστὶ
898 449 1161 527 ἐμβάφια
1192 449 1410 526 ἔμπλεα
1439 447 1578 513 σῖλὸς
1609 448 1703 507 καὶ
1738 450 1948 508 ἐλαίου·

344 540 619 614 ἐπιπολῆς
658 538 719 597 δὲ
752 539 945 598 ἔπεστι
983 536 1119 597 αύτό
1131 576 1133 579 >
1152 536 1219 597 τό
1256 535 1569 616 ἐλλύχνιον.
1653 534 1746 595 καὶ
1781 540 1950 596 τοῦτο

345 625 559 686 καίεται
583 624 906 703 παννύχιον·
950 624 1043 685 καὶ
1067 628 1142 703 τῇ
1177 623 1317 703 ὄρτῇ
1345 622 1556 700 οὔνομα
1594 623 1774 683 κέεται
1799 629 1948 703 Λυχ-

338 712 558 789 .νοκαΐη·
600 711 655 771 οἳ
696 711 743 771 δ’
776 712 847 773 ἂν
880 711 962 789 μὴ
1006 713 1217 773 ἔλθωσι
1254 714 1365 771 τῶν
1400 710 1718 790 Αἰγυπτίων
1755 715 1810 773 ἐς
1847 710 1952 787 τήν

347 798 656 880 πανήγυριν
693 798 915 876 ταύτην,
945 799 1345 876 φυλάσσοντες
1381 797 1486 874 τήν
1521 798 1693 859 νύκτα
1731 802 1833 874 τῆς
1858 798 1950 859 θυ-

346 887 477 963 σίης
502 887 725 947 καίουσι
752 888 845 947 καὶ
870 886 1030 947 αὐτοὶ
1059 886 1266 950 πάντες
1290 884 1364 947 τὰ
1403 885 1607 965 λύχνα.
1689 885 1782 944 καὶ
1810 884 1953 945 οὕτω

346 972 448 1035 ούκ
502 979 561 1035 ἐν
615 974 725 1041 Σάῖ
767 974 947 1054 μούνῃ
996 975 1230 1051 καίεται,
1269 972 1426 1033 άλλοὶ
1470 973 1563 1033 καὶ
1608 971 1716 1033 ἀνὰ
1757 977 1952 1034 πᾶσαν

349 1062 654 1144 Αἴγυπτον.
735 1061 863 1123 ὅτευ
902 1063 965 1123 δὲ
1005 1062 1185 1123 εἵνεκα
1220 1064 1340 1138 φῶς
1373 1063 1543 1139 ἔλαχε
1573 1061 1667 1119 καὶ
1705 1059 1874 1137 τιμὴν
1911 1053 1951 1136 ἦ

354 1149 457 1220 νῦξ
506 1149 663 1227 αὕτη,
706 1152 830 1211 ἔστι
872 1148 991 1227 ἱρὰς
1035 1151 1168 1227 περὶ
1205 1148 1376 1210 αὐτοῦ
1417 1148 1591 1229 λόγος
1628 1146 1952 1229 λεγόμενος.

256 1238 331 1297 63
347 1236 444 1301 Ἐς
495 1237 555 1297 δὲ
600 1237 805 1298 Ἡλίου
845 1237 1018 1297 πόλιν
1063 1238 1158 1297 καὶ
1201 1239 1449 1298 Βουτοῦν
1496 1235 1697 1299 θυσίας
1745 1234 1954 1312 μούνας

352 1326 704 1385 ἐπιτελέουσι
732 1324 1068 1402 φοιτέοντες.
1153 1331 1213 1386 ἐν
1237 1326 1297 1384 δὲ
1323 1322 1602 1401 Παπρήμι
1627 1323 1826 1387 θυσίας
1847 1326 1953 1400 μὲν

354 1410 448 1470 καὶ
480 1411 589 1489 ἶροὶ,
627 1411 875 1489 κατάπερ
912 1411 1009 1471 καὶ
1045 1414 1119 1489 τῇ
1151 1410 1322 1491 ἄλλῃ,
1359 1414 1604 1472 ποιεῦσι·
1647 1409 1754 1472 εὖτ’
1791 1409 1859 1471 ἂν
1892 1412 1954 1471 δὲ

350 1498 575 1578 γίνηται
628 1498 947 1577 καταφερὴς
987 1497 1021 1559 ὁ
1062 1498 1242 1574 ἥλιος,
1283 1497 1472 1579 ὀλίγοι
1516 1498 1621 1575 μέν
1658 1523 1802 1562 τινες
1842 1502 1953 1559 τῶν

352 1585 509 1661 ἱρέων
534 1585 663 1662 περὶ
686 1585 962 1667 τῶγαλμα
985 1587 1341 1657 πεπονέαται·
1371 1588 1426 1645 οἱ
1451 1585 1510 1645 δὲ
1535 1584 1748 1646 πολλοὶ
1772 1584 1953 1647 αύτῶν

352 1671 533 1743 ξύλων
559 1671 795 1749 κορύνας
820 1673 1039 1751 ἔχοντες
1066 1676 1271 1733 ἑστᾶσι
1295 1677 1396 1733 τοῦ
1433 1674 1556 1752 ἱροῦ
1583 1678 1641 1734 ἐν
1658 1676 1731 1752 τῇ
1758 1673 1950 1753 ἐσόδῳ,

352 1758 526 1820 ἄλλοι
594 1759 655 1819 δὲ
722 1758 973 1840 εὐχωλὰς
1024 1760 1417 1833 ἐπιτελέοντες,
1470 1763 1706 1825 πλεῦνες
1754 1761 1953 1839 χιλίων

353 1846 569 1925 ἀνδρῶν
589 1847 834 1920 ἕκαστοι,
858 1848 1076 1927 ἔχοντες
1101 1847 1244 1917 ξύλα
1271 1844 1560 1929 καὶοοῦτοι,
1582 1848 1673 1907 ε’πὶ
1695 1847 1768 1907 τὰ
1795 1848 1954 1926 ἕτερα

353 1934 515 2000 ἁλέες
534 1938 758 1997 ἑστᾶσι.
784 1935 852 1997 τό
880 1936 939 1995 δὲ
958 1934 1192 2018 ἄγαΜια
1219 1935 1310 1997 ε’ὀν
1331 1940 1390 1995 ἐν
1417 1938 1526 2014 νηῷ
1549 1937 1728 2014 μικρῷ
1753 1936 1953 2015 ξυλίνῳ

352 2024 895 2105 κατακεχρυσωμένῳ
939 2024 1411 2103 προεκκομίζουσι
1446 2028 1519 2101 τῇ
1554 2024 1856 2102 προτεραίῃ
1897 2028 1954 2086 ἐς

352 2110 503 2173 ἄλλο
524 2114 730 2192 οἴκημα
758 2111 897 2189 ἱρόν·
933 2116 991 2175 οἱ
1012 2115 1118 2191 μὲν
1144 2113 1213 2189 δή
1241 2111 1427 2193 ὀλίγοι
1452 2114 1508 2171 οἱ
1530 2110 1660 2188 περὶ
1681 2109 1952 2192 τῶγαλμα

353 2201 713 2278 λελειμμένοι
748 2201 981 2261 ἕλκουσι
1020 2199 1395 2277 τετράκυκλον
1425 2196 1664 2276 ἅμαξαν,
1701 2195 1954 2279 ἄγουσαν

354 2285 457 2345 τόν
488 2286 622 2361 νηόν
654 2312 719 2349 τε
752 2288 847 2347 καὶ
874 2286 943 2348 τό
982 2291 1041 2348 ἐν
1070 2289 1148 2366 τῷ
1182 2289 1294 2366 νηῷ
1325 2284 1478 2347 ἐνεόν
1510 2282 1762 2366 ἄγαλμα·
1803 2288 1860 2345 οἱ
1893 2286 1955 2345 δὲ

358 2370 459 2431 οὔκ
499 2376 651 2444 ἐῶσι,
688 2379 747 2435 ἐν
778 2376 934 2435 τοῖσι
967 2373 1376 2451 προπυλαίοισι
1405 2375 1684 2443 ἑστεῶτες,
1724 2373 1952 2434 ἐσιέναι·

356 2461 415 2519 οἶ
463 2458 523 2518 δὲ
578 2460 955 2540 εὖχωλιμψῖοι,
1007 2460 1367 2537 τιμωρέοντες
1415 2462 1494 2537 τῷ
1545 2460 1669 2538 θεῷ,
1721 2461 1955 2521 παίουσι

356 2544 557 2611 αύτοῦς
582 2546 969 2626 ἀλεξομένους.
1021 2547 1260 2607 ἐνθαῦτα
1284 2545 1442 2626 μάχη
1463 2545 1691 2615 ξύλοισι
1716 2547 1953 2626 καρτερή

358 2634 589 2716 γίνεται·
655 2634 911 2713 κεφαλάς
960 2661 1025 2697 τε
1077 2634 1550 2711 συναράσσονται,
1596 2634 1690 2694 καὶ
1733 2633 1807 2699 ὥς
1847 2637 1956 2717 ἐγώ

358 2722 545 2795 δοκέω,
576 2724 787 2785 πολλοὶ
818 2724 912 2786 καὶ
940 2720 1367 2800 ἀποθνήσκουσι
1397 2726 1459 2781 ἐκ
1493 2724 1603 2782 τῷν
1635 2722 1954 2800 τρωμάτων·

358 2808 425 2871 οὗ
472 2812 666 2889 μέντοι
717 2812 779 2873 οἴ
823 2837 894 2894 γε
945 2809 1246 2893 Αἰγύπτιοι
1303 2811 1526 2887 ἔφασαν
1579 2807 1958 2886 ἀποθνήσκειν

266 2900 343 2959 64
360 2897 572 2961 οὐδένα.
652 2898 769 2977 Τήν
795 2900 856 2959 δὲ
881 2899 1191 2979 πανήγυριν
1214 2896 1422 2975 ταύτην
1447 2902 1509 2958 ἐκ
1539 2898 1704 2958 τοῦδε
1727 2898 1958 2975 νομίσαι

360 2986 511 3062 φασὶ
564 2989 619 3047 οἶ
661 2985 963 3066 ἐπιχώριοι·
1034 2987 1232 3047 οἰκέειν
1271 2990 1330 3046 ἐν
1367 2988 1448 3065 τῷ
1493 2987 1592 3064 ἱρῷ
1633 2984 1812 3064 τούτῳ
1854 2989 1956 3046 τοῦ

348 3072 550 3153 Ἄρεος
570 3071 677 3150 τήν
709 3074 944 3152 μητέρα·
986 3073 1079 3134 καὶ
1108 3073 1212 3135 τόν
1228 3072 1408 3150 Ἀρεα
1440 3071 1770 3150 ἀπότροφον
1802 3072 1957 3153 γενό-

361 3188 545 3240 μενον,
574 3162 756 3224 ἐλθεῖν
782 3160 1188 3239 ἐξανδρωμένον
1219 3162 1485 3222 ἐθελοντα
1517 3163 1590 3237 τῇ
1620 3157 1790 3234 μητρὶ
1814 3184 1958 3235 συμ-

359 3250 537 3326 μίξαι·
578 3249 672 3312 καὶ
696 3249 827 3315 τοῦς
851 3248 1176 3328 προπόλους
1191 3252 1294 3326 τῆς
1316 3245 1543 3325 μητρὸς,
1570 3245 1664 3305 οἶα
1677 3244 1788 3311 ,οὔκ
1813 3242 1956 3303 ὄπω-

2245 136 2252 165 ²
