2267 3517
336 168 523 236 7—11]
999 169 1291 221 eunus
1836 169 1937 219 203

337 251 550 328 χανᾶτο
600 247 806 310 τοιάδε.
886 247 1098 313 οἷσκοῦς
1150 247 1415 325 καμήλων
1452 246 1685 324 πλήσας
1720 246 1937 320 ὕδατος,

339 335 577 406 ἐπέσαξε
613 336 708 396 ,ἐπὶ
746 335 849 400 τάς
888 335 1027 407 ζωὰς
1064 339 1176 397 τῶν
1216 334 1482 412 καμήλων
1516 333 1725 398 πάσας·
1764 339 1933 395 τοῦτο

337 423 399 484 δὲ
449 423 709 500 ποιήσας,
760 421 948 500 ἤλασε
999 429 1055 487 ἐς
1104 423 1211 500 τὴν
1261 422 1508 499 ἄνυδρον,
1556 422 1648 482 καὶ
1698 422 1936 498 ὗπέμενε

339 512 576 572 ἐνθαῦτα
636 511 738 573 τόν
797 511 1128 588 Καμβύσεω
1188 509 1450 589 στρατόν.
1531 508 1692 574 οὗτος
1747 513 1851 588 μὲν
1902 510 1937 572 ὅ

337 598 709 677 πιθανώτερος
758 602 871 659 τῶν
920 599 1107 680 λόγων
1161 600 1391 676 εἴρηται·
1460 598 1547 658 δεῖ
1596 598 1657 658 δὲ
1702 598 1795 657 καὶ
1837 598 1939 659 τᾶν

337 683 527 762 ἧσσον
554 686 806 757 πιθανὸν,
845 688 970 747 ἐπεί
995 712 1063 768 γε
1104 685 1175 762 δὴ
1217 686 1460 766 λέγεται,
1499 687 1755 762 ῥηθῆναι.
1835 711 1936 747 πο-

336 774 513 849 ταμός
537 779 662 835 ἔστι
687 775 865 856 μέγας
895 780 953 834 ἔν
991 777 1065 854 τῇ
1087 772 1335 852 Ἀραβίῃ
1369 777 1447 852 τῷ
1484 771 1694 851 οὕνομα
1728 772 1935 850 Κόρυς·

339 861 543 921 ἐκδιδοῖ
580 862 642 922 δὲ
680 859 841 926 οὗτος
887 867 945 926 ἐς
981 860 1087 937 τήν
1125 860 1402 938 Ἑρυθρην
1454 862 1795 938 καλεομένην
1840 858 1935 922 θά-

338 951 592 1010 λασσαν·
655 947 767 1010 άπό
806 948 1009 1010 τούτου
1048 948 1118 1024 δὴ
1162 947 1237 1008 ὧν
1274 953 1377 1009 τοῦ
1416 951 1674 1025 ποταμοῦ
1712 950 1938 1030 λέγεται

338 1061 438 1097 τον
489 1039 744 1114 βασιλέα
794 1042 906 1099 τῶν
943 1037 1246 1115 Ἀραβιων,
1287 1036 1610 1114 ῥαψάμενον
1661 1040 1771 1096 τῶν
1810 1062 1953 1113 ωμο·

339 1125 522 1200 βοέων
558 1125 650 1184 καὶ
687 1129 797 1186 τῶν
838 1125 1030 1185 ἄλλων
1070 1123 1354 1201 δερμάτων
1386 1122 1585 1202 ὄχετόν
1615 1123 1781 1201 μήκει
1818 1128 1934 1183 ἐπι·

342 1209 634 1288 κνεύμενον
660 1217 715 1274 ές
737 1213 841 1288 τήν
872 1212 1120 1289 ἄνυδρον,
1150 1211 1384 1292 οἷγαγεῖν
1418 1211 1510 1270 διαὶ
1536 1211 1605 1286 δή
1640 1210 1841 1271 τούτου
1864 1237 1933 1272 το

340 1296 503 1374 ὕδωρ·
561 1303 620 1358 ἔν
671 1299 732 1360 δὲ
781 1304 854 1379 τῇ
905 1298 1116 1380 ἀνύδρῳ
1168 1299 1421 1380 μεγάλας
1473 1297 1771 1377 δεξαμενὰς
1814 1299 1938 1378 ὄρύ-

341 1385 566 1455 ξασθαι,
617 1387 706 1446 ἶνα
757 1386 1046 1464 δεκόμεναι
1090 1389 1160 1448 τὰ
1205 1386 1349 1464 ὕδωρ
1390 1386 1632 1458 σώζωσι·
1690 1385 1843 1466 (ὁδὸς
1889 1385 1937 1447 δ’

340 1474 464 1534 ἔστι
505 1473 747 1534 δυώδεκα
784 1474 1032 1553 ἡμερέων
1067 1472 1181 1535 α’πὸ
1217 1478 1320 1535 τοῦ
1354 1478 1611 1552 ποταμοῦ
1646 1478 1703 1537 ἐς
1731 1475 1939 1551 ταύτην

338 1561 444 1638 τήν
462 1561 736 1643 ἄνυδρον)
773 1562 930 1646 ἄγειν
955 1563 1018 1622 δέ
1039 1588 1139 1640 μιν
1158 1561 1249 1622 διιὶ
1276 1561 1487 1642 ὀχετῶν
1504 1566 1672 1641 τριῶν
1700 1567 1755 1626 ἔς
1778 1561 1939 1641 τριξὰ

338 1651 536 1731 χωρία.

419 1736 520 1798 Ἐν
571 1738 632 1798 δὲ
680 1741 760 1818 τῷ
812 1737 1122 1818 Πηλουσίῳ
1174 1738 1492 1818 καλεομένῳ
1546 1737 1787 1815 στόματι
1837 1740 1940 1798 τοῦ
1958 1737 2036 1798 10

341 1826 556 1886 Νείλου
613 1825 1114 1903 ἐστρατοπεδεύετο
1168 1825 1532 1903 Ψαμμήνιτος
1584 1825 1617 1885 ὅ
1668 1825 1942 1903 Ἀμάσιος

340 1917 488 1982 παῖς,
513 1912 803 1991 ὖπομένων
844 1913 1190 1990 Καμβύσεα·
1249 1912 1503 1990 Ἀμασιν
1531 1912 1642 1992 γὰρ
1684 1912 1748 1972 ού
1787 1914 1942 1972 κατέ-

342 2001 496 2075 λαβε
521 2001 700 2071 ζῶντα
726 2001 1052 2077 Καμβύσης
1078 1999 1291 2064 ἐλάσας
1316 1999 1401 2060 ἐπ’
1429 2001 1735 2080 Αἴγυπτον·
1788 1999 1944 2059 ιῖλλιὶ1

345 2085 700 2160 βασιλεύσας
740 2087 774 2147 ὅ
804 2087 1056 2165 Ἀμασις
1091 2089 1343 2164 τέσσερα
1390 2088 1483 2146 καὶ
1520 2084 1945 2163 τεσσαράκοντα

347 2172 470 2232 ἔτεα
494 2172 754 2235 α’πέθανε·
785 2179 845 2235 έν
861 2179 1015 2235 τοῖσι
1040 2176 1201 2236 οὐδέν
1221 2179 1274 2236 οἱ
1296 2176 1446 2257 μέγα
1471 2173 1739 2251 ἀνάρσιον
1763 2178 1939 2255 πρῆγ-

345 2286 428 2337 μα
459 2263 804 2341 συνενείχθη·
845 2261 1141 2324 ἀποθανών
1165 2264 1226 2323 δὲ
1251 2264 1343 2323 καὶ
1377 2263 1735 2344 ταριχευθεὶς,
1764 2261 1946 2340 ε’τάφη

349 2353 408 2409 ἐν
431 2353 568 2428 τῇσι
593 2355 816 2430 ταφῇσι
841 2355 978 2429 τῇσι
1005 2357 1066 2411 ἐν
1089 2354 1167 2431 τῷ
1201 2354 1297 2431 ἶρῷ
1320 2350 1423 2414 ταῖς
1452 2350 1619 2414 adv-<33
1658 2349 1947 2426 οἰκοδομή-

349 2462 516 2497 σατο.
599 2439 692 2498 ε’πὶ
727 2439 1093 2516 Ψαμμηνίτου
1136 2439 1197 2498 δὲ
1229 2443 1330 2500 τοῦ
1363 2436 1640 2516 Ἀμάσιος
1672 2437 1947 2514 βασιλεύ·

351 2551 509 2588 οντος
555 2526 859 2608 Αἰγύπτου,
909 2525 1119 2603 φάσμα
1160 2528 1522 2608 Αἰγυπτίοισι
1562 2526 1834 2606 μέγιστον
1880 2524 1949 2601 δὴ

351 2613 587 2694 ἐγένετο·
653 2612 916 2691 ὕσθησαν
960 2614 1072 2694 γὰρ
1118 2616 1314 2691 Θῆβαι
1360 2618 1419 2673 αἱ
1458 2613 1775 2694 Αἰγύπτιαι,
1824 2610 1950 2672 οὔτε

350 2699 625 2778 πρότερον
676 2699 891 2778 οὐδαμᾶ
930 2701 1197 2762 ὑσθεῖσαι
1241 2699 1440 2762 οὔτε
1406 2725 1641 2779 υστερον
1677 2700 1745 2761 τὸ
1782 2701 1953 2779 μέχρι

353 2791 501 2864 ε’μεῦ,
529 2814 600 2852 ως
636 2790 874 2870 λέγουσι
913 2789 1072 2850 αὐτοὶ
1097 2788 1517 2866 Θηβαῖοι.οὖ
1551 2814 1663 2866 γαρ
1696 2787 1834 2865 δή’
1798 2813 1954 2848 υεται

351 2878 426 2934 τοὶ
456 2902 567 2936 ανω
600 2880 702 2952 τῆς
736 2878 1024 2959 Αἰγύπτου
1062 2904 1131 2938 το
1173 2876 1457 2954 παράπαν·
1498 2875 1654 2958 σ’,λλα
1695 2877 1787 2935 καὶ
1824 2875 1954 2936 τότε

352 2962 616 3039 υσθησαν
646 2967 704 3023 αἱ
743 2967 938 3042 Θῆβαι
977 2964 1368 3044 ψακάδι.οἶ
1404 2965 1463 3025 δὲ
1496 2952 1721 3041 Πέρσαι
1748 2963 1873 3022 ε’πεί
1891 2987 1953 3022 τε
1972 2962 2044 3020 ll

355 3051 776 3122 διεξελάσαντες
807 3054 913 3128 τήν
947 3053 1183 3130 ἄνυδρον
1216 3053 1397 3124 ἵζοντο
1435 3053 1613 3114 πέλας
1644 3055 1756 3111 τῶν
1789 3053 1955 3130 Αἰγυ-

355 3142 529 3201 πτίων
581 3139 652 3205 ὥς
705 3141 1145 3219 συμβαλέοντες,
1193 3142 1429 3201 ἐνθαῦτα
1476 3167 1531 3199 οι
1577 3139 1855 3214 ἐπίκουροι
1898 3163 1955 3196 οι

353 3232 457 3290 τοῦ
482 3231 861 3311 Αἶγυπτίου,’
835 3229 1014 3293 εόντες
1039 3227 1231 3304 ἄνδρες
1245 3227 1526 3303 Ἕλληνές
1547 3250 1611 3285 τε
1638 3225 1731 3283 καὶ
1750 3226 1955 3301 Καρες,

356 3317 709 3399 μεμφόμενοι
726 3343 804 3398 τω
775 3315 1033 3398 ΗΦάνῃ
998 3341 1087 3378 οτι
1105 3313 1352 3394 στρατὸν
1366 3313 1543 3394 ἤγαγε
1564 3309 1649 3372 ἐπ’
1668 3310 1957 3393 Αἴγυπτον
