2267 3517
249 133 304 182 vi
935 128 1261 178 LECTORI.

251 263 654 319 obsolescerent
677 260 944 332 siquando
965 276 1068 330 pro
1090 258 1619 329 rerumpublicarum
1636 261 1951 316 mutationi-

251 356 354 423 bus
377 355 700 411 commercia
725 354 1006 409 hominum
1029 353 1134 407 alio
1166 352 1627 419 transferrentur3
1661 354 1951 422 Panegyris

252 450 411 518 enim,
453 450 538 505 uti
579 448 782 519 optime
823 450 1012 502 monet
1052 446 1269 515 Strab0,
1310 463 1511 515 magna
1551 464 1621 501 ex
1662 450 1821 515 parte
1858 464 1949 511 res

250 543 574 599 mercatoria
597 546 732 598 erat.
803 542 1022 597 Lectori
1051 541 1223 609 igitur
1247 541 1414 595 semel
1438 541 1539 595 hac
1563 541 1634 595 de
1656 558 1719 595 re
1742 540 1949 605 monito
2064 610 2071 615 α

249 652 359 690 non
383 636 672 690 obscurum
703 636 824 703 erit,
851 634 1147 704 plurimum
1182 651 1249 688 ex
1286 633 1627 703 supellectile
1652 650 1817 702 quam
1842 633 1948 685 his.

249 731 420 787 torias
443 731 849 800 conscripturus
865 727 978 782 ‘sibi
1003 728 1279 796 congessit
1306 727 1527 795 Noster,
1551 725 1743 780 deberi
1774 742 1947 780 sacer-

251 822 445 877 dotum
480 821 760 887 sodalitiis,
799 821 1000 891 quibus
1036 820 1196 874 officii
1232 823 1354 874 erat
1388 820 1595 888 templa
1625 820 1683 873 in
1715 836 1947 889 quorum

249 915 446 969 vicinia
492 919 790 970 conventus
841 914 936 969 isti
983 913 1234 968 solennes
1282 913 1701 968 celebrabantur
1754 928 1947 983 procu—

249 1022 388 1061 rare.
449 992 591 1061 Inde
615 1006 837 1077 planum
861 1007 927 1061 fit
950 1005 1311 1072 narrationes,
1332 1008 1605 1074 quotquot
1622 1020 1655 1059 e
1671 1004 1771 1059 tali
1793 1006 1947 1059 fonte

245 1101 620 1167 manaverunt,
661 1114 764 1153 nec
809 1097 1266 1165 locupletissimos
1306 1096 1511 1151 habere
1552 1101 1805 1152 auctores
1844 1114 1947 1151 nec

249 1186 436 1244 tamen
467 1191 684 1245 omnino
715 1190 1052 1260 spernendas
1083 1181 1231 1259 esse,
1256 1189 1459 1258 quippe
1488 1205 1630 1259 quae
1660 1189 1805 1257 volgi
1834 1188 1947 1257 opi-

247 1281 440 1335 niones
479 1282 671 1357 quales
709 1298 770 1335 se
817 1285 949 1336 tunc
995 1282 1262 1352 temporis
1312 1282 1619 1350 habuerint,
1660 1282 1776 1336 sine
1820 1282 1947 1335 fuco

249 1371 583 1426 rettulerint.
653 1372 740 1426 De
771 1390 881 1440 qua
911 1390 988 1440 re,
1014 1374 1220 1443 quippe
1244 1390 1385 1443 quae
1416 1374 1474 1428 in
1504 1375 1842 1442 praefatione
1873 1374 1947 1427 ad

249 1454 514 1533 majorem
533 1464 831 1519 editionem
854 1465 1139 1520 enucleata
1162 1467 1247 1531 sit,
1261 1466 1493 1520 ulterius
1514 1484 1657 1521 nunc
1674 1468 1947 1523 disserere

251 1558 683 1626 supersedemus,
706 1557 951 1612 breviter
983 1561 1201 1613 tantum
1231 1557 1529 1612 indicaturi
1558 1559 1771 1628 aliquas
1799 1575 1832 1614 e
1858 1577 1945 1615 re-

249 1648 503 1717 gionibus
549 1666 650 1719 per
685 1666 836 1719 quas,
879 1666 1004 1705 cum
1051 1649 1259 1705 Noster
1303 1649 1563 1705 historias
1610 1654 1943 1721 contexeret,

249 1744 590 1797 mercat-urae
615 1741 836 1798 fiebant.

354 1835 424 1889 In
453 1836 558 1891 hac
581 1837 900 1904 quaestione
931 1835 1236 1907 principem
1266 1836 1445 1893 locum
1467 1841 1623 1894 tenet
1654 1838 1815 1893 Nilus
1844 1840 1945 1893 flu-

249 1944 393 1998 men,
410 1928 467 1983 in
490 1928 646 1999 cujus
669 1929 826 1985 ostiis
849 1930 969 1999 jam
994 1930 1125 1985 inde
1148 1944 1183 1985 a
1208 1932 1582 1988 Psammitichi
1604 1933 1945 2002 temporibus

247 2019 515 2089 plurimae
531 2021 784 2077 civitates
805 2022 1046 2077 Graecae
1063 2023 1268 2077 insulas
1286 2028 1694 2093 occupaverant.
1746 2025 1947 2080 Postea

196 2140 234 2149 -·
246 2112 489 2169 universi
533 2114 592 2167 in
629 2114 952 2171 Naucratim
991 2116 1181 2184 coacti,
1220 2116 1525 2185 emporium
1570 2116 1648 2170 ibi
1684 2117 1947 2172 constitu-

249 2207 427 2271 erunt,
457 2206 606 2261 unde
638 2206 746 2261 toti
779 2210 1035 2276 Aegypto
1067 2208 1311 2261 inferiori
1345 2224 1557 2263 merces
1588 2211 1813 2263 exterae
1849 2209 1947 2263 im-

247 2297 627 2365 portabantur,
659 2315 870 2353 necnon
903 2316 1080 2368 usque
1115 2300 1191 2353 ad
1226 2300 1454 2369 ThebaS,
1492 2318 1597 2369 ope
1632 2302 1945 2357 Etesiorum

247 2393 550 2458 ventorum,
575 2408 676 2460 per
698 2390 1064 2460 quadraginta
1096 2392 1218 2446 fere
1240 2393 1362 2447 dies
1390 2397 1681 2464 quotannis
1713 2398 1945 2453 adverso

247 2479 472 2535 flumine
488 2481 842 2538 vehebantur.
879 2483 1028 2537 Hinc
1044 2483 1118 2537 ad
1138 2484 1295 2552 Myos
1315 2485 1602 2551 Hormum‚
1616 2490 1710 2557 qui
1728 2490 1786 2543 in
1803 2492 1945 2545 Ara-

245 2572 370 2627 bico
395 2574 515 2629 sinu
545 2576 685 2629 situs
718 2580 818 2643 est,
841 2593 944 2645 per
969 2576 1193 2630 deserta
1227 2576 1467 2632 locorum
1492 2580 1715 2635 camelis
1745 2581 1945 2638 ibatur.

247 2665 524 2735 Quicquid
533 2672 838 2723 aromatum
852 2685 922 2724 ex
937 2669 1116 2738 India,
1127 2669 1216 2724 vel
1234 2672 1589 2741 Atramitide,
1601 2673 1688 2728 vel
1704 2673 1943 2743 denique

246 2756 582 2827 Taprobana,
606 2759 664 2813 in
697 2760 984 2815 Graeciam
1017 2760 1352 2830 pervenerit,
1374 2762 1477 2816 hac
1508 2764 1598 2817 via
1630 2767 1946 2833 pervenisse

245 2849 509 2904 credibile
517 2853 618 2905 est.
643 2852 726 2905 At
733 2851 819 2905 vel
829 2851 1209 2906 remotissimis
1220 2852 1561 2921 temporibus
1574 2854 1721 2908 inter
1732 2856 1945 2911 Thebas

245 2943 613 3013 Aegyptiacas
631 2948 692 3001 et
711 2960 865 2999 mare
880 2944 1355 3001 mediterraneum·
1365 2948 1691 3001 commercia
1706 2950 1945 3018 viguisse

244 3036 516 3108 videntur,
535 3054 662 3093 cum
697 3038 922 3093 divitiae
950 3037 1116 3107 hujus
1146 3038 1303 3092 urbis
1329 3038 1417 3093 vel
1444 3039 1515 3093 ab
1541 3040 1785 3096 Homero
1808 3042 1945 3097 cele-

244 3128 488 3187 brentur.
559 3132 673 3187 Sed
717 3134 850 3187 tunc
893 3131 1158 3200 temporis
1205 3133 1547 3185 mercaturae
1592 3150 1694 3203 per
1736 3137 1944 3188 terram

244 3220 465 3279 fiebant.
535 3224 714 3280 Statio
745 3224 1008 3293 primaria
1035 3224 1161 3277 erat
1188 3220 1347 3277 Oasis
1378 3221 1583 3291 Magna
1607 3223 1707 3291 (El
1741 3222 1945 3291 ΨΜ»
