<?xml version="1.0" encoding="UTF-8"?>
<!DOCTYPE html PUBLIC "-//W3C//DTD XHTML 1.0 Transitional//EN"
    "http://www.w3.org/TR/xhtml1/DTD/xhtml1-transitional.dtd">
<html xmlns="http://www.w3.org/1999/xhtml" xml:lang="en" lang="en">
 <head>
  <title>
</title>
<meta http-equiv="Content-Type" content="text/html;charset=utf-8" />
  <meta name='ocr-system' content='tesseract 3.04.00' />
  <meta name='ocr-capabilities' content='ocr_page ocr_carea ocr_par ocr_line ocrx_word'/>
</head>
<body>
  <div class='ocr_page' id='page_1' title='image "./herodotus05blakgoog_0116.png"; bbox 0 0 2267 3517; ppageno 0'>
   <div class='ocr_carea' id='block_1_1' title="bbox 224 116 2014 3353">
    <p class='ocr_par' dir='ltr' id='par_1_1' title="bbox 320 116 1930 627">
     <span class='ocr_line' id='line_1_1' title="bbox 323 116 1924 183; baseline 0.003 -18"><span class='ocrx_word' id='word_1_1' title='bbox 323 116 417 165; x_wconf 80' lang='lat'>106</span> <span class='ocrx_word' id='word_1_2' title='bbox 940 118 1338 177; x_wconf 71' lang='grc' dir='ltr'>ἩΡοΔοΤοτ.</span> <span class='ocrx_word' id='word_1_3' title='bbox 1855 118 1924 183; x_wconf 92' lang='lat'>[1.</span> 
     </span>
     <span class='ocr_line' id='line_1_2' title="bbox 321 194 1930 278; baseline 0.002 -25"><span class='ocrx_word' id='word_1_4' title='bbox 321 196 569 255; x_wconf 88' lang='grc' dir='ltr'>ἐποιέετο</span> <span class='ocrx_word' id='word_1_5' title='bbox 609 194 797 278; x_wconf 83' lang='grc' dir='ltr'>λόγον.</span> <span class='ocrx_word' id='word_1_6' title='bbox 884 197 919 257; x_wconf 80' lang='grc' dir='ltr'>ὁ</span> <span class='ocrx_word' id='word_1_7' title='bbox 952 198 1012 257; x_wconf 76' lang='grc' dir='ltr'>δὲ</span> <span class='ocrx_word' id='word_1_8' title='bbox 1037 200 1140 273; x_wconf 83' lang='grc' dir='ltr'>τῆς</span> <span class='ocrx_word' id='word_1_9' title='bbox 1164 196 1470 273; x_wconf 72' lang='grc' dir='ltr'>βασιλείης</span> <span class='ocrx_word' id='word_1_10' title='bbox 1494 195 1771 274; x_wconf 78' lang='grc' dir='ltr'>Τομύριος</span> <span class='ocrx_word' id='word_1_11' title='bbox 1795 200 1930 263; x_wconf 80' lang='grc' dir='ltr'>παῖς</span> 
     </span>
     <span class='ocr_line' id='line_1_3' title="bbox 322 283 1929 362; baseline 0.004 -22"><span class='ocrx_word' id='word_1_12' title='bbox 322 283 749 362; x_wconf 80' lang='grc' dir='ltr'>Σπαργαπίσης,</span> <span class='ocrx_word' id='word_1_13' title='bbox 778 283 851 347; x_wconf 80' lang='grc' dir='ltr'>ὥς</span> <span class='ocrx_word' id='word_1_14' title='bbox 872 309 971 361; x_wconf 90' lang='grc' dir='ltr'>μιν</span> <span class='ocrx_word' id='word_1_15' title='bbox 996 283 1029 344; x_wconf 79' lang='grc' dir='ltr'>ὅ</span> <span class='ocrx_word' id='word_1_16' title='bbox 1052 309 1115 344; x_wconf 90' lang='grc' dir='ltr'>τε</span> <span class='ocrx_word' id='word_1_17' title='bbox 1143 283 1292 348; x_wconf 81' lang='grc' dir='ltr'>οἶνος</span> <span class='ocrx_word' id='word_1_18' title='bbox 1318 284 1488 359; x_wconf 81' lang='grc' dir='ltr'>άνῆκε</span> <span class='ocrx_word' id='word_1_19' title='bbox 1515 285 1608 343; x_wconf 85' lang='grc' dir='ltr'>καὶ</span> <span class='ocrx_word' id='word_1_20' title='bbox 1635 286 1808 362; x_wconf 80' lang='grc' dir='ltr'>ἔμαθε</span> <span class='ocrx_word' id='word_1_21' title='bbox 1838 286 1929 347; x_wconf 83' lang='grc' dir='ltr'>ἶνα</span> 
     </span>
     <span class='ocr_line' id='line_1_4' title="bbox 320 368 1929 449; baseline 0.004 -21"><span class='ocrx_word' id='word_1_22' title='bbox 320 368 391 445; x_wconf 87' lang='grc' dir='ltr'>ἦν</span> <span class='ocrx_word' id='word_1_23' title='bbox 436 374 624 440; x_wconf 81' lang='grc' dir='ltr'>κακοῦ,</span> <span class='ocrx_word' id='word_1_24' title='bbox 671 370 882 446; x_wconf 86' lang='grc' dir='ltr'>δεηθεὶς</span> <span class='ocrx_word' id='word_1_25' title='bbox 925 370 1117 448; x_wconf 82' lang='grc' dir='ltr'>Κύρου</span> <span class='ocrx_word' id='word_1_26' title='bbox 1166 375 1228 431; x_wconf 88' lang='grc' dir='ltr'>ἐκ</span> <span class='ocrx_word' id='word_1_27' title='bbox 1274 376 1384 432; x_wconf 75' lang='grc' dir='ltr'>τῶν</span> <span class='ocrx_word' id='word_1_28' title='bbox 1423 371 1646 449; x_wconf 82' lang='grc' dir='ltr'>δεσμῶν</span> <span class='ocrx_word' id='word_1_29' title='bbox 1688 372 1929 449; x_wconf 82' lang='grc' dir='ltr'>λυθῆναι</span> 
     </span>
     <span class='ocr_line' id='line_1_5' title="bbox 320 456 1927 539; baseline 0.003 -24"><span class='ocrx_word' id='word_1_30' title='bbox 320 456 499 536; x_wconf 82' lang='grc' dir='ltr'>ἔτυχε·</span> <span class='ocrx_word' id='word_1_31' title='bbox 532 456 605 521; x_wconf 77' lang='grc' dir='ltr'>ὥς</span> <span class='ocrx_word' id='word_1_32' title='bbox 630 457 689 517; x_wconf 83' lang='grc' dir='ltr'>δὲ</span> <span class='ocrx_word' id='word_1_33' title='bbox 715 457 887 535; x_wconf 80' lang='grc' dir='ltr'>ἐλύθη</span> <span class='ocrx_word' id='word_1_34' title='bbox 910 484 975 518; x_wconf 91' lang='grc' dir='ltr'>τε</span> <span class='ocrx_word' id='word_1_35' title='bbox 998 458 1246 539; x_wconf 85' lang='grc' dir='ltr'>τάχιστα</span> <span class='ocrx_word' id='word_1_36' title='bbox 1273 460 1367 518; x_wconf 84' lang='grc' dir='ltr'>καὶ</span> <span class='ocrx_word' id='word_1_37' title='bbox 1391 462 1503 519; x_wconf 75' lang='grc' dir='ltr'>τῶν</span> <span class='ocrx_word' id='word_1_38' title='bbox 1525 464 1728 539; x_wconf 80' lang='grc' dir='ltr'>χειρῶν</span> <span class='ocrx_word' id='word_1_39' title='bbox 1767 461 1927 537; x_wconf 87' lang='grc' dir='ltr'>ἐκρά-</span> 
     </span>
     <span class='ocr_line' id='line_1_6' title="bbox 320 543 1928 630; baseline 0.002 -27"><span class='ocrx_word' id='word_1_40' title='bbox 320 570 478 620; x_wconf 89' lang='grc' dir='ltr'>τησε,</span> <span class='ocrx_word' id='word_1_41' title='bbox 522 544 922 627; x_wconf 68' lang='grc' dir='ltr'>διεργάζεταιε</span> <span class='ocrx_word' id='word_1_42' title='bbox 897 544 1113 607; x_wconf 88' lang='grc' dir='ltr'>εωυτόν·</span> <span class='ocrx_word' id='word_1_43' title='bbox 1156 546 1249 607; x_wconf 86' lang='grc' dir='ltr'>καὶ</span> <span class='ocrx_word' id='word_1_44' title='bbox 1291 545 1360 623; x_wconf 70' lang='grc' dir='ltr'>δὴ</span> <span class='ocrx_word' id='word_1_45' title='bbox 1399 543 1561 611; x_wconf 79' lang='grc' dir='ltr'>οὗτος</span> <span class='ocrx_word' id='word_1_46' title='bbox 1594 550 1700 623; x_wconf 81' lang='grc' dir='ltr'>μὲν</span> <span class='ocrx_word' id='word_1_47' title='bbox 1739 547 1928 630; x_wconf 81' lang='grc' dir='ltr'>τρόπω</span> 
     </span>
    </p>

    <p class='ocr_par' dir='ltr' id='par_1_2' title="bbox 229 633 2014 2643">
     <span class='ocr_line' id='line_1_7' title="bbox 229 633 1927 714; baseline 0.004 -23"><span class='ocrx_word' id='word_1_48' title='bbox 229 632 591 713; x_wconf 78' lang='grc' dir='ltr'>214τοιούτω</span> <span class='ocrx_word' id='word_1_49' title='bbox 624 637 878 695; x_wconf 79' lang='grc' dir='ltr'>τελευτᾶ·</span> <span class='ocrx_word' id='word_1_50' title='bbox 931 633 1173 713; x_wconf 85' lang='grc' dir='ltr'>Τόμυρις</span> <span class='ocrx_word' id='word_1_51' title='bbox 1208 634 1284 705; x_wconf 80' lang='grc' dir='ltr'>δὲ,</span> <span class='ocrx_word' id='word_1_52' title='bbox 1329 634 1401 699; x_wconf 82' lang='grc' dir='ltr'>ὥς</span> <span class='ocrx_word' id='word_1_53' title='bbox 1443 637 1499 695; x_wconf 80' lang='grc' dir='ltr'>οἱ</span> <span class='ocrx_word' id='word_1_54' title='bbox 1539 634 1572 695; x_wconf 80' lang='grc' dir='ltr'>ὅ</span> <span class='ocrx_word' id='word_1_55' title='bbox 1606 638 1796 714; x_wconf 79' lang='grc' dir='ltr'>Κῦρος</span> <span class='ocrx_word' id='word_1_56' title='bbox 1822 639 1927 697; x_wconf 75' lang='grc' dir='ltr'>οὐκ</span> 
     </span>
     <span class='ocr_line' id='line_1_8' title="bbox 322 719 1927 801; baseline 0.004 -23"><span class='ocrx_word' id='word_1_57' title='bbox 322 719 611 796; x_wconf 88' lang='grc' dir='ltr'>ἐσήκουσε,</span> <span class='ocrx_word' id='word_1_58' title='bbox 633 722 966 792; x_wconf 78' lang='grc' dir='ltr'>συλλέξασα</span> <span class='ocrx_word' id='word_1_59' title='bbox 991 726 1186 783; x_wconf 75' lang='grc' dir='ltr'>πᾶσαν</span> <span class='ocrx_word' id='word_1_60' title='bbox 1210 722 1314 798; x_wconf 84' lang='grc' dir='ltr'>τήν</span> <span class='ocrx_word' id='word_1_61' title='bbox 1334 726 1535 799; x_wconf 79' lang='grc' dir='ltr'>ἑωυτῆς</span> <span class='ocrx_word' id='word_1_62' title='bbox 1550 722 1780 801; x_wconf 87' lang='grc' dir='ltr'>δύναμιν</span> <span class='ocrx_word' id='word_1_63' title='bbox 1796 749 1927 785; x_wconf 83' lang='grc' dir='ltr'>συν-</span> 
     </span>
     <span class='ocr_line' id='line_1_9' title="bbox 323 807 1930 890; baseline 0.004 -24"><span class='ocrx_word' id='word_1_64' title='bbox 323 807 503 883; x_wconf 87' lang='grc' dir='ltr'>έβαλε</span> <span class='ocrx_word' id='word_1_65' title='bbox 523 808 703 890; x_wconf 76' lang='grc' dir='ltr'>Κύρῳ.</span> <span class='ocrx_word' id='word_1_66' title='bbox 761 809 968 887; x_wconf 86' lang='grc' dir='ltr'>ταύτην</span> <span class='ocrx_word' id='word_1_67' title='bbox 992 809 1097 887; x_wconf 76' lang='grc' dir='ltr'>τὴν</span> <span class='ocrx_word' id='word_1_68' title='bbox 1119 809 1328 890; x_wconf 82' lang='grc' dir='ltr'>μάχην,</span> <span class='ocrx_word' id='word_1_69' title='bbox 1355 809 1491 871; x_wconf 84' lang='grc' dir='ltr'>ὅσαι</span> <span class='ocrx_word' id='word_1_70' title='bbox 1516 809 1584 886; x_wconf 75' lang='grc' dir='ltr'>δὴ</span> <span class='ocrx_word' id='word_1_71' title='bbox 1612 811 1930 889; x_wconf 87' lang='grc' dir='ltr'>βαρβάρων</span> 
     </span>
     <span class='ocr_line' id='line_1_10' title="bbox 322 893 1925 981; baseline 0.003 -26"><span class='ocrx_word' id='word_1_72' title='bbox 322 893 533 975; x_wconf 82' lang='grc' dir='ltr'>α’νδρῶν</span> <span class='ocrx_word' id='word_1_73' title='bbox 555 896 736 978; x_wconf 81' lang='grc' dir='ltr'>μάχαι</span> <span class='ocrx_word' id='word_1_74' title='bbox 763 898 1032 979; x_wconf 89' lang='grc' dir='ltr'>ἐγένοντο,</span> <span class='ocrx_word' id='word_1_75' title='bbox 1055 898 1219 976; x_wconf 85' lang='grc' dir='ltr'>κρίνω</span> <span class='ocrx_word' id='word_1_76' title='bbox 1244 898 1618 979; x_wconf 79' lang='grc' dir='ltr'>ἰσχυροτάτην</span> <span class='ocrx_word' id='word_1_77' title='bbox 1641 899 1925 981; x_wconf 87' lang='grc' dir='ltr'>γενέσθαι·</span> 
     </span>
     <span class='ocr_line' id='line_1_11' title="bbox 324 983 1929 1068; baseline 0.003 -26"><span class='ocrx_word' id='word_1_78' title='bbox 324 983 415 1044; x_wconf 80' lang='grc' dir='ltr'>καὶ</span> <span class='ocrx_word' id='word_1_79' title='bbox 441 983 510 1061; x_wconf 82' lang='grc' dir='ltr'>δῆ</span> <span class='ocrx_word' id='word_1_80' title='bbox 538 985 631 1044; x_wconf 85' lang='grc' dir='ltr'>καὶ</span> <span class='ocrx_word' id='word_1_81' title='bbox 654 984 1002 1063; x_wconf 86' lang='grc' dir='ltr'>πυνθάνομαι</span> <span class='ocrx_word' id='word_1_82' title='bbox 1027 985 1170 1047; x_wconf 80' lang='grc' dir='ltr'>οὕτω</span> <span class='ocrx_word' id='word_1_83' title='bbox 1194 990 1361 1046; x_wconf 81' lang='grc' dir='ltr'>τοῦτο</span> <span class='ocrx_word' id='word_1_84' title='bbox 1378 985 1696 1068; x_wconf 84' lang='grc' dir='ltr'>γενόμενον·</span> <span class='ocrx_word' id='word_1_85' title='bbox 1733 990 1929 1064; x_wconf 78' lang='grc' dir='ltr'>πρῶτα</span> 
     </span>
     <span class='ocr_line' id='line_1_12' title="bbox 320 1072 1929 1155; baseline 0.004 -23"><span class='ocrx_word' id='word_1_86' title='bbox 320 1074 424 1149; x_wconf 82' lang='grc' dir='ltr'>μὲν</span> <span class='ocrx_word' id='word_1_87' title='bbox 469 1072 581 1155; x_wconf 77' lang='grc' dir='ltr'>γαρ</span> <span class='ocrx_word' id='word_1_88' title='bbox 622 1074 848 1154; x_wconf 82' lang='grc' dir='ltr'>λέγεται</span> <span class='ocrx_word' id='word_1_89' title='bbox 894 1073 1094 1138; x_wconf 74' lang='grc' dir='ltr'>αὗτοῦς</span> <span class='ocrx_word' id='word_1_90' title='bbox 1146 1072 1479 1137; x_wconf 80' lang='grc' dir='ltr'>διαστάντας</span> <span class='ocrx_word' id='word_1_91' title='bbox 1531 1078 1586 1137; x_wconf 90' lang='grc' dir='ltr'>ἐς</span> <span class='ocrx_word' id='word_1_92' title='bbox 1639 1072 1929 1150; x_wconf 75' lang='grc' dir='ltr'>ἀλλήλους</span> 
     </span>
     <span class='ocr_line' id='line_1_13' title="bbox 322 1160 1924 1241; baseline 0.002 -22"><span class='ocrx_word' id='word_1_93' title='bbox 322 1160 580 1230; x_wconf 80' lang='grc' dir='ltr'>τοξεύειν·</span> <span class='ocrx_word' id='word_1_94' title='bbox 624 1162 768 1241; x_wconf 72' lang='grc' dir='ltr'>μετὰ</span> <span class='ocrx_word' id='word_1_95' title='bbox 815 1163 891 1233; x_wconf 80' lang='grc' dir='ltr'>δὲ,</span> <span class='ocrx_word' id='word_1_96' title='bbox 940 1160 1010 1226; x_wconf 82' lang='grc' dir='ltr'>ὥς</span> <span class='ocrx_word' id='word_1_97' title='bbox 1047 1168 1164 1238; x_wconf 85' lang='grc' dir='ltr'>σφι</span> <span class='ocrx_word' id='word_1_98' title='bbox 1200 1161 1273 1223; x_wconf 84' lang='grc' dir='ltr'>τοὶ</span> <span class='ocrx_word' id='word_1_99' title='bbox 1311 1162 1494 1239; x_wconf 80' lang='grc' dir='ltr'>βέλεα</span> <span class='ocrx_word' id='word_1_100' title='bbox 1534 1161 1924 1238; x_wconf 78' lang='grc' dir='ltr'>ἐξετετόξευτο,</span> 
     </span>
     <span class='ocr_line' id='line_1_14' title="bbox 322 1250 1929 1332; baseline 0.002 -24"><span class='ocrx_word' id='word_1_101' title='bbox 322 1250 717 1325; x_wconf 76' lang='grc' dir='ltr'>συμπεσόντας</span> <span class='ocrx_word' id='word_1_102' title='bbox 740 1255 878 1329; x_wconf 79' lang='grc' dir='ltr'>τῇσι</span> <span class='ocrx_word' id='word_1_103' title='bbox 905 1252 1154 1329; x_wconf 83' lang='grc' dir='ltr'>αἰχμῇσί</span> <span class='ocrx_word' id='word_1_104' title='bbox 1173 1270 1237 1311; x_wconf 84' lang='grc' dir='ltr'>τε</span> <span class='ocrx_word' id='word_1_105' title='bbox 1265 1251 1356 1309; x_wconf 84' lang='grc' dir='ltr'>καὶ</span> <span class='ocrx_word' id='word_1_106' title='bbox 1373 1253 1528 1311; x_wconf 85' lang='grc' dir='ltr'>τοῖσι</span> <span class='ocrx_word' id='word_1_107' title='bbox 1548 1251 1929 1332; x_wconf 81' lang='grc' dir='ltr'>ἐγχειριδίοισι</span> 
     </span>
     <span class='ocr_line' id='line_1_15' title="bbox 323 1337 1928 1417; baseline 0.002 -20"><span class='ocrx_word' id='word_1_108' title='bbox 323 1338 681 1416; x_wconf 85' lang='grc' dir='ltr'>συνέχεσθαι·</span> <span class='ocrx_word' id='word_1_109' title='bbox 720 1337 926 1417; x_wconf 89' lang='grc' dir='ltr'>χρόνον</span> <span class='ocrx_word' id='word_1_110' title='bbox 964 1363 1028 1398; x_wconf 88' lang='grc' dir='ltr'>τε</span> <span class='ocrx_word' id='word_1_111' title='bbox 1070 1337 1140 1414; x_wconf 80' lang='grc' dir='ltr'>δὴ</span> <span class='ocrx_word' id='word_1_112' title='bbox 1189 1339 1280 1397; x_wconf 86' lang='grc' dir='ltr'>ἐπὶ</span> <span class='ocrx_word' id='word_1_113' title='bbox 1319 1338 1544 1399; x_wconf 80' lang='grc' dir='ltr'>πολλδν</span> <span class='ocrx_word' id='word_1_114' title='bbox 1587 1338 1928 1401; x_wconf 83' lang='grc' dir='ltr'>συνεστάναι</span> 
     </span>
     <span class='ocr_line' id='line_1_16' title="bbox 321 1424 1928 1507; baseline 0.005 -25"><span class='ocrx_word' id='word_1_115' title='bbox 321 1426 672 1503; x_wconf 83' lang='grc' dir='ltr'>μαχομένους</span> <span class='ocrx_word' id='word_1_116' title='bbox 709 1426 801 1484; x_wconf 87' lang='grc' dir='ltr'>καὶ</span> <span class='ocrx_word' id='word_1_117' title='bbox 845 1424 1161 1502; x_wconf 79' lang='grc' dir='ltr'>οὐδετέρους</span> <span class='ocrx_word' id='word_1_118' title='bbox 1207 1426 1423 1486; x_wconf 87' lang='grc' dir='ltr'>ἐθέλειν</span> <span class='ocrx_word' id='word_1_119' title='bbox 1468 1424 1713 1507; x_wconf 86' lang='grc' dir='ltr'>φεύγειν,</span> <span class='ocrx_word' id='word_1_120' title='bbox 1764 1428 1928 1492; x_wconf 87' lang='grc' dir='ltr'>τέλος</span> 
     </span>
     <span class='ocr_line' id='line_1_17' title="bbox 322 1511 1927 1594; baseline 0.002 -23"><span class='ocrx_word' id='word_1_121' title='bbox 322 1512 400 1582; x_wconf 80' lang='grc' dir='ltr'>δὲ,</span> <span class='ocrx_word' id='word_1_122' title='bbox 442 1515 496 1572; x_wconf 81' lang='grc' dir='ltr'>οἱ</span> <span class='ocrx_word' id='word_1_123' title='bbox 536 1513 918 1594; x_wconf 84' lang='grc' dir='ltr'>Μασσαγέται</span> <span class='ocrx_word' id='word_1_124' title='bbox 962 1512 1365 1593; x_wconf 87' lang='grc' dir='ltr'>περιεγενέατο·</span> <span class='ocrx_word' id='word_1_125' title='bbox 1416 1511 1455 1589; x_wconf 90' lang='grc' dir='ltr'><strong><em>ἥ</em></strong></span> <span class='ocrx_word' id='word_1_126' title='bbox 1493 1538 1557 1574; x_wconf 92' lang='grc' dir='ltr'>τε</span> <span class='ocrx_word' id='word_1_127' title='bbox 1596 1513 1666 1589; x_wconf 74' lang='grc' dir='ltr'>δή</span> <span class='ocrx_word' id='word_1_128' title='bbox 1731 1514 1927 1591; x_wconf 78' lang='grc' dir='ltr'>πολλὴ</span> 
     </span>
     <span class='ocr_line' id='line_1_18' title="bbox 319 1598 1928 1680; baseline -0.001 -17"><span class='ocrx_word' id='word_1_129' title='bbox 319 1603 422 1675; x_wconf 80' lang='grc' dir='ltr'>τῆς</span> <span class='ocrx_word' id='word_1_130' title='bbox 446 1604 734 1677; x_wconf 84' lang='grc' dir='ltr'>Περσικῆς</span> <span class='ocrx_word' id='word_1_131' title='bbox 773 1604 1041 1676; x_wconf 81' lang='grc' dir='ltr'>στρατιῆς</span> <span class='ocrx_word' id='word_1_132' title='bbox 1078 1599 1250 1660; x_wconf 74' lang='grc' dir='ltr'>αὐτοῦ</span> <span class='ocrx_word' id='word_1_133' title='bbox 1283 1598 1457 1680; x_wconf 84' lang='grc' dir='ltr'>ταύτῃ</span> <span class='ocrx_word' id='word_1_134' title='bbox 1498 1601 1791 1679; x_wconf 84' lang='grc' dir='ltr'>διεφθάρη,</span> <span class='ocrx_word' id='word_1_135' title='bbox 1834 1604 1928 1662; x_wconf 77' lang='grc' dir='ltr'>καὶ</span> 
     </span>
     <span class='ocr_line' id='line_1_19' title="bbox 323 1685 1947 1767; baseline 0.003 -21"><span class='ocrx_word' id='word_1_136' title='bbox 323 1686 392 1763; x_wconf 76' lang='grc' dir='ltr'>δή</span> <span class='ocrx_word' id='word_1_137' title='bbox 419 1689 511 1747; x_wconf 86' lang='grc' dir='ltr'>καὶ</span> <span class='ocrx_word' id='word_1_138' title='bbox 551 1685 716 1751; x_wconf 74' lang='grc' dir='ltr'>αὐτὰς</span> <span class='ocrx_word' id='word_1_139' title='bbox 757 1691 944 1765; x_wconf 85' lang='grc' dir='ltr'>Κῦρος</span> <span class='ocrx_word' id='word_1_140' title='bbox 981 1691 1219 1767; x_wconf 72' lang='grc' dir='ltr'>τελευτᾷ</span> <span class='ocrx_word' id='word_1_141' title='bbox 1251 1686 1612 1765; x_wconf 79' lang='grc' dir='ltr'>βασιλεύσας</span> <span class='ocrx_word' id='word_1_142' title='bbox 1637 1688 1708 1749; x_wconf 84' lang='grc' dir='ltr'>τοὶ</span> <span class='ocrx_word' id='word_1_143' title='bbox 1735 1688 1947 1758; x_wconf 56' lang='grc' dir='ltr'>πάντα,</span> 
     </span>
     <span class='ocr_line' id='line_1_20' title="bbox 324 1774 1928 1854; baseline 0.001 -19"><span class='ocrx_word' id='word_1_144' title='bbox 324 1775 443 1839; x_wconf 80' lang='grc' dir='ltr'>ἑνός</span> <span class='ocrx_word' id='word_1_145' title='bbox 494 1776 689 1836; x_wconf 86' lang='grc' dir='ltr'>δέοντα</span> <span class='ocrx_word' id='word_1_146' title='bbox 740 1775 1037 1854; x_wconf 86' lang='grc' dir='ltr'>τριήκοντα</span> <span class='ocrx_word' id='word_1_147' title='bbox 1090 1775 1232 1836; x_wconf 82' lang='grc' dir='ltr'>ἔτεα·</span> <span class='ocrx_word' id='word_1_148' title='bbox 1291 1774 1484 1836; x_wconf 76' lang='grc' dir='ltr'>οἷσκδν</span> <span class='ocrx_word' id='word_1_149' title='bbox 1524 1776 1585 1836; x_wconf 79' lang='grc' dir='ltr'>δὲ</span> <span class='ocrx_word' id='word_1_150' title='bbox 1637 1775 1928 1853; x_wconf 76' lang='grc' dir='ltr'>πλήσασα</span> 
     </span>
     <span class='ocr_line' id='line_1_21' title="bbox 323 1862 1925 1942; baseline 0.001 -19"><span class='ocrx_word' id='word_1_151' title='bbox 323 1865 556 1939; x_wconf 83' lang='grc' dir='ltr'>αἵματος</span> <span class='ocrx_word' id='word_1_152' title='bbox 584 1863 932 1941; x_wconf 83' lang='grc' dir='ltr'>α’νθρωπηΐου</span> <span class='ocrx_word' id='word_1_153' title='bbox 957 1862 1200 1942; x_wconf 87' lang='grc' dir='ltr'>Τόμυρις</span> <span class='ocrx_word' id='word_1_154' title='bbox 1241 1863 1454 1939; x_wconf 84' lang='grc' dir='ltr'>ἐδίζητο</span> <span class='ocrx_word' id='word_1_155' title='bbox 1482 1868 1540 1924; x_wconf 87' lang='grc' dir='ltr'>ἐν</span> <span class='ocrx_word' id='word_1_156' title='bbox 1565 1866 1720 1926; x_wconf 81' lang='grc' dir='ltr'>τοῖσι</span> <span class='ocrx_word' id='word_1_157' title='bbox 1744 1866 1925 1927; x_wconf 88' lang='grc' dir='ltr'>τεθνε-</span> 
     </span>
     <span class='ocr_line' id='line_1_22' title="bbox 323 1949 1922 2031; baseline 0.001 -20"><span class='ocrx_word' id='word_1_158' title='bbox 323 1956 429 2013; x_wconf 73' lang='lat' dir='ltr'><strong><em>‹Bo-1.</em></strong></span> <span class='ocrx_word' id='word_1_159' title='bbox 478 1954 591 2014; x_wconf 80' lang='grc' dir='ltr'>τῶν</span> <span class='ocrx_word' id='word_1_160' title='bbox 631 1952 899 2031; x_wconf 90' lang='grc' dir='ltr'>Περσέων</span> <span class='ocrx_word' id='word_1_161' title='bbox 938 1952 1039 2013; x_wconf 86' lang='grc' dir='ltr'>τὸν</span> <span class='ocrx_word' id='word_1_162' title='bbox 1080 1949 1273 2030; x_wconf 88' lang='grc' dir='ltr'>Κύρου</span> <span class='ocrx_word' id='word_1_163' title='bbox 1315 1952 1493 2011; x_wconf 90' lang='grc' dir='ltr'>νέκυν·</span> <span class='ocrx_word' id='word_1_164' title='bbox 1549 1950 1621 2016; x_wconf 73' lang='grc' dir='ltr'>ὥς</span> <span class='ocrx_word' id='word_1_165' title='bbox 1668 1952 1730 2012; x_wconf 78' lang='grc' dir='ltr'>δὲ</span> <span class='ocrx_word' id='word_1_166' title='bbox 1782 1950 1922 2031; x_wconf 76' lang='grc' dir='ltr'>εὗρε,</span> 
     </span>
     <span class='ocr_line' id='line_1_23' title="bbox 321 2038 1923 2118; baseline 0.001 -17"><span class='ocrx_word' id='word_1_167' title='bbox 321 2044 602 2117; x_wconf 83' lang='grc' dir='ltr'>ἐναπῆπτε</span> <span class='ocrx_word' id='word_1_168' title='bbox 626 2040 795 2103; x_wconf 73' lang='grc' dir='ltr'>αὐτοῦ</span> <span class='ocrx_word' id='word_1_169' title='bbox 819 2040 924 2117; x_wconf 78' lang='grc' dir='ltr'>τῆν</span> <span class='ocrx_word' id='word_1_170' title='bbox 946 2040 1204 2118; x_wconf 77' lang='grc' dir='ltr'>κεφαλήν</span> <span class='ocrx_word' id='word_1_171' title='bbox 1231 2044 1285 2103; x_wconf 78' lang='grc' dir='ltr'>ἐς</span> <span class='ocrx_word' id='word_1_172' title='bbox 1309 2039 1410 2100; x_wconf 75' lang='grc' dir='ltr'>τᾶν</span> <span class='ocrx_word' id='word_1_173' title='bbox 1435 2038 1629 2114; x_wconf 76' lang='grc' dir='ltr'>οἷσκὸν,</span> <span class='ocrx_word' id='word_1_174' title='bbox 1661 2044 1923 2117; x_wconf 87' lang='grc' dir='ltr'>λυμαινο·</span> 
     </span>
     <span class='ocr_line' id='line_1_24' title="bbox 320 2126 1932 2210; baseline 0 -22"><span class='ocrx_word' id='word_1_175' title='bbox 320 2130 461 2207; x_wconf 89' lang='grc' dir='ltr'>μένη</span> <span class='ocrx_word' id='word_1_176' title='bbox 488 2130 547 2191; x_wconf 83' lang='grc' dir='ltr'>δὲ</span> <span class='ocrx_word' id='word_1_177' title='bbox 571 2133 649 2209; x_wconf 79' lang='grc' dir='ltr'>τῷ</span> <span class='ocrx_word' id='word_1_178' title='bbox 676 2132 847 2209; x_wconf 77' lang='grc' dir='ltr'>νεκρῷ</span> <span class='ocrx_word' id='word_1_179' title='bbox 874 2129 1105 2210; x_wconf 85' lang='grc' dir='ltr'>ἐπέλεγε</span> <span class='ocrx_word' id='word_1_180' title='bbox 1131 2127 1282 2189; x_wconf 87' lang='grc' dir='ltr'>τάδε·</span> <span class='ocrx_word' id='word_1_181' title='bbox 1325 2137 1361 2163; x_wconf 84' lang='grc'><strong>“</strong></span> <span class='ocrx_word' id='word_1_182' title='bbox 1378 2126 1458 2192; x_wconf 76' lang='grc' dir='ltr'>Σῧ</span> <span class='ocrx_word' id='word_1_183' title='bbox 1483 2129 1588 2205; x_wconf 78' lang='grc' dir='ltr'>μὲν</span> <span class='ocrx_word' id='word_1_184' title='bbox 1623 2130 1722 2204; x_wconf 76' lang='grc' dir='ltr'>ἐμὲ</span> <span class='ocrx_word' id='word_1_185' title='bbox 1761 2126 1932 2199; x_wconf 71' lang='grc' dir='ltr'>ζῶου·</span> 
     </span>
     <span class='ocr_line' id='line_1_25' title="bbox 321 2214 1925 2296; baseline 0 -19"><span class='ocrx_word' id='word_1_186' title='bbox 321 2216 434 2278; x_wconf 91' lang='grc' dir='ltr'>σάν</span> <span class='ocrx_word' id='word_1_187' title='bbox 473 2244 537 2279; x_wconf 92' lang='grc' dir='ltr'>τε</span> <span class='ocrx_word' id='word_1_188' title='bbox 580 2219 673 2277; x_wconf 84' lang='grc' dir='ltr'>καὶ</span> <span class='ocrx_word' id='word_1_189' title='bbox 715 2215 959 2278; x_wconf 80' lang='grc' dir='ltr'>νικῶσάν</span> <span class='ocrx_word' id='word_1_190' title='bbox 998 2242 1069 2277; x_wconf 92' lang='grc' dir='ltr'>σε</span> <span class='ocrx_word' id='word_1_191' title='bbox 1100 2216 1261 2296; x_wconf 85' lang='grc' dir='ltr'>μάχῃ</span> <span class='ocrx_word' id='word_1_192' title='bbox 1288 2214 1589 2280; x_wconf 76' lang='grc' dir='ltr'>ἀπώλεσας</span> <span class='ocrx_word' id='word_1_193' title='bbox 1620 2215 1794 2275; x_wconf 87' lang='grc' dir='ltr'>παῖδα</span> <span class='ocrx_word' id='word_1_194' title='bbox 1822 2215 1925 2277; x_wconf 76' lang='grc' dir='ltr'>ταν</span> 
     </span>
     <span class='ocr_line' id='line_1_26' title="bbox 322 2301 1924 2383; baseline 0.001 -20"><span class='ocrx_word' id='word_1_195' title='bbox 322 2304 456 2381; x_wconf 80' lang='grc' dir='ltr'>ἐμόν</span> <span class='ocrx_word' id='word_1_196' title='bbox 508 2305 647 2364; x_wconf 76' lang='grc' dir='ltr'>ἐλῶν</span> <span class='ocrx_word' id='word_1_197' title='bbox 694 2304 857 2383; x_wconf 79' lang='grc' dir='ltr'>δόλῳ,</span> <span class='ocrx_word' id='word_1_198' title='bbox 916 2307 987 2364; x_wconf 67' lang='lat' dir='ltr'>&lt;rt</span> <span class='ocrx_word' id='word_1_199' title='bbox 1046 2304 1093 2363; x_wconf 87' lang='grc' dir='ltr'>δ’</span> <span class='ocrx_word' id='word_1_200' title='bbox 1136 2304 1261 2383; x_wconf 74' lang='grc' dir='ltr'>ἐγώ,</span> <span class='ocrx_word' id='word_1_201' title='bbox 1318 2301 1563 2381; x_wconf 89' lang='grc' dir='ltr'>κατάπερ</span> <span class='ocrx_word' id='word_1_202' title='bbox 1616 2302 1924 2380; x_wconf 80' lang='grc' dir='ltr'>ἠπείλησα,</span> 
     </span>
     <span class='ocr_line' id='line_1_27' title="bbox 322 2389 1926 2470; baseline 0.002 -21"><span class='ocrx_word' id='word_1_203' title='bbox 322 2392 553 2470; x_wconf 81' lang='grc' dir='ltr'>αἵματος</span> <span class='ocrx_word' id='word_1_204' title='bbox 580 2391 841 2469; x_wconf 85' lang='grc' dir='ltr'>κορέσω.”</span> <span class='ocrx_word' id='word_1_205' title='bbox 892 2392 965 2452; x_wconf 83' lang='grc' dir='ltr'>τοὶ</span> <span class='ocrx_word' id='word_1_206' title='bbox 989 2393 1092 2468; x_wconf 76' lang='grc' dir='ltr'>μὲν</span> <span class='ocrx_word' id='word_1_207' title='bbox 1123 2390 1192 2467; x_wconf 82' lang='grc' dir='ltr'>δῆ</span> <span class='ocrx_word' id='word_1_208' title='bbox 1227 2390 1368 2451; x_wconf 76' lang='grc' dir='ltr'>κατα</span> <span class='ocrx_word' id='word_1_209' title='bbox 1389 2391 1495 2466; x_wconf 77' lang='grc' dir='ltr'>τῆν</span> <span class='ocrx_word' id='word_1_210' title='bbox 1522 2389 1714 2469; x_wconf 88' lang='grc' dir='ltr'>Κύρου</span> <span class='ocrx_word' id='word_1_211' title='bbox 1739 2396 1926 2453; x_wconf 90' lang='grc' dir='ltr'>τελευ-</span> 
     </span>
     <span class='ocr_line' id='line_1_28' title="bbox 318 2476 2014 2560; baseline 0 -21"><span class='ocrx_word' id='word_1_212' title='bbox 318 2478 424 2555; x_wconf 72' lang='grc' dir='ltr'>τήν</span> <span class='ocrx_word' id='word_1_213' title='bbox 462 2482 564 2539; x_wconf 82' lang='grc' dir='ltr'>τοῦ</span> <span class='ocrx_word' id='word_1_214' title='bbox 603 2480 756 2555; x_wconf 86' lang='grc' dir='ltr'>βίου,</span> <span class='ocrx_word' id='word_1_215' title='bbox 798 2481 1031 2539; x_wconf 80' lang='grc' dir='ltr'>παλλῶν</span> <span class='ocrx_word' id='word_1_216' title='bbox 1071 2478 1258 2559; x_wconf 87' lang='grc' dir='ltr'>λόγων</span> <span class='ocrx_word' id='word_1_217' title='bbox 1308 2478 1640 2560; x_wconf 84' lang='grc' dir='ltr'>λεγομένων,</span> <span class='ocrx_word' id='word_1_218' title='bbox 1695 2478 1789 2539; x_wconf 85' lang='grc' dir='ltr'>ὅδε</span> <span class='ocrx_word' id='word_1_219' title='bbox 1826 2505 1927 2557; x_wconf 89' lang='grc' dir='ltr'>μοι</span> <span class='ocrx_word' id='word_1_220' title='bbox 1999 2476 2014 2489; x_wconf 74' lang='grc'><strong><em>’</em></strong></span> 
     </span>
     <span class='ocr_line' id='line_1_29' title="bbox 320 2566 1031 2643; baseline -0.003 -15"><span class='ocrx_word' id='word_1_221' title='bbox 320 2567 354 2628; x_wconf 78' lang='grc' dir='ltr'>ὅ</span> <span class='ocrx_word' id='word_1_222' title='bbox 390 2566 768 2631; x_wconf 80' lang='grc' dir='ltr'>πιθανώτατος</span> <span class='ocrx_word' id='word_1_223' title='bbox 808 2567 1031 2643; x_wconf 81' lang='grc' dir='ltr'>εἴρηται.</span> 
     </span>
    </p>

    <p class='ocr_par' dir='ltr' id='par_1_3' title="bbox 224 2651 1926 3088">
     <span class='ocr_line' id='line_1_30' title="bbox 224 2651 1926 2736; baseline -0.002 -19"><span class='ocrx_word' id='word_1_224' title='bbox 224 2658 342 2717; x_wconf 83' lang='grc'>215</span> <span class='ocrx_word' id='word_1_225' title='bbox 424 2656 806 2736; x_wconf 84' lang='grc' dir='ltr'>Μασσαγέται</span> <span class='ocrx_word' id='word_1_226' title='bbox 847 2654 908 2713; x_wconf 80' lang='grc' dir='ltr'>δὲ</span> <span class='ocrx_word' id='word_1_227' title='bbox 950 2651 1166 2730; x_wconf 85' lang='grc' dir='ltr'>ἐσθῆτά</span> <span class='ocrx_word' id='word_1_228' title='bbox 1209 2678 1273 2713; x_wconf 93' lang='grc' dir='ltr'>τε</span> <span class='ocrx_word' id='word_1_229' title='bbox 1313 2651 1513 2729; x_wconf 80' lang='grc' dir='ltr'>ὁμοίην</span> <span class='ocrx_word' id='word_1_230' title='bbox 1556 2656 1630 2730; x_wconf 81' lang='grc' dir='ltr'>τῇ</span> <span class='ocrx_word' id='word_1_231' title='bbox 1679 2653 1926 2733; x_wconf 76' lang='grc' dir='ltr'>Σκυθικῇ</span> 
     </span>
     <span class='ocr_line' id='line_1_31' title="bbox 320 2738 1925 2822; baseline -0.001 -20"><span class='ocrx_word' id='word_1_232' title='bbox 320 2743 594 2821; x_wconf 88' lang='grc' dir='ltr'>φορέουσι</span> <span class='ocrx_word' id='word_1_233' title='bbox 630 2743 721 2802; x_wconf 85' lang='grc' dir='ltr'>καὶ</span> <span class='ocrx_word' id='word_1_234' title='bbox 762 2743 976 2803; x_wconf 89' lang='grc' dir='ltr'>δίαιταν</span> <span class='ocrx_word' id='word_1_235' title='bbox 1017 2742 1232 2822; x_wconf 79' lang='grc' dir='ltr'>ἔχουσι.</span> <span class='ocrx_word' id='word_1_236' title='bbox 1318 2740 1550 2802; x_wconf 82' lang='grc' dir='ltr'>ἱππόται</span> <span class='ocrx_word' id='word_1_237' title='bbox 1589 2740 1652 2801; x_wconf 87' lang='grc' dir='ltr'>δέ</span> <span class='ocrx_word' id='word_1_238' title='bbox 1682 2738 1808 2803; x_wconf 64' lang='grc' dir='ltr'>εἰσί</span> <span class='ocrx_word' id='word_1_239' title='bbox 1833 2744 1925 2802; x_wconf 83' lang='grc' dir='ltr'>καὶ</span> 
     </span>
     <span class='ocr_line' id='line_1_32' title="bbox 318 2828 1924 2913; baseline -0.001 -22"><span class='ocrx_word' id='word_1_240' title='bbox 318 2829 565 2901; x_wconf 77' lang='grc' dir='ltr'>ἄνιπποι,</span> <span class='ocrx_word' id='word_1_241' title='bbox 617 2828 971 2913; x_wconf 84' lang='grc' dir='ltr'>(οἷμφοτέρῳν</span> <span class='ocrx_word' id='word_1_242' title='bbox 1002 2830 1111 2912; x_wconf 77' lang='grc' dir='ltr'>γαρ</span> <span class='ocrx_word' id='word_1_243' title='bbox 1159 2830 1506 2910; x_wconf 87' lang='grc' dir='ltr'>μετέχουσι,)</span> <span class='ocrx_word' id='word_1_244' title='bbox 1560 2828 1653 2889; x_wconf 80' lang='grc' dir='ltr'>καὶ</span> <span class='ocrx_word' id='word_1_245' title='bbox 1697 2828 1924 2899; x_wconf 82' lang='grc' dir='ltr'>τοξόται</span> 
     </span>
     <span class='ocr_line' id='line_1_33' title="bbox 316 2917 1925 3000; baseline -0.003 -19"><span class='ocrx_word' id='word_1_246' title='bbox 316 2945 379 2981; x_wconf 92' lang='grc' dir='ltr'>τε</span> <span class='ocrx_word' id='word_1_247' title='bbox 406 2920 498 2978; x_wconf 84' lang='grc' dir='ltr'>καὶ</span> <span class='ocrx_word' id='word_1_248' title='bbox 534 2918 892 2997; x_wconf 82' lang='grc' dir='ltr'>αἰχμοφόροι,</span> <span class='ocrx_word' id='word_1_249' title='bbox 934 2917 1174 3000; x_wconf 89' lang='grc' dir='ltr'>σαγάρις</span> <span class='ocrx_word' id='word_1_250' title='bbox 1207 2918 1519 2995; x_wconf 83' lang='grc' dir='ltr'>νομίζοντες</span> <span class='ocrx_word' id='word_1_251' title='bbox 1556 2918 1720 2996; x_wconf 83' lang='grc' dir='ltr'>ἔχειν.</span> <span class='ocrx_word' id='word_1_252' title='bbox 1789 2942 1925 2995; x_wconf 79' lang='grc' dir='ltr'>χρυ-</span> 
     </span>
     <span class='ocr_line' id='line_1_34' title="bbox 318 3003 1922 3115; baseline -0.002 -48"><span class='ocrx_word' id='word_1_253' title='bbox 318 3012 405 3088; x_wconf 75' lang='grc' dir='ltr'>σῷ</span> <span class='ocrx_word' id='word_1_254' title='bbox 436 3008 495 3067; x_wconf 81' lang='grc' dir='ltr'>δὲ</span> <span class='ocrx_word' id='word_1_255' title='bbox 522 3007 613 3066; x_wconf 87' lang='grc' dir='ltr'>καὶ</span> <span class='ocrx_word' id='word_1_256' title='bbox 648 3011 843 3086; x_wconf 73' lang='grc' dir='ltr'>χαλκῷ</span> <span class='ocrx_word' id='word_1_257' title='bbox 866 3006 937 3066; x_wconf 86' lang='grc' dir='ltr'>τοὶ</span> <span class='ocrx_word' id='word_1_258' title='bbox 974 3004 1158 3066; x_wconf 88' lang='grc' dir='ltr'>πάντα</span> <span class='ocrx_word' id='word_1_259' title='bbox 1187 3009 1475 3115; x_wconf 79' lang='grc' dir='ltr'>χρέωνται·</span> <span class='ocrx_word' id='word_1_260' title='bbox 1531 3004 1643 3065; x_wconf 86' lang='grc' dir='ltr'>ὅσα</span> <span class='ocrx_word' id='word_1_261' title='bbox 1672 3006 1776 3080; x_wconf 79' lang='grc' dir='ltr'>μὲν</span> <span class='ocrx_word' id='word_1_262' title='bbox 1808 3003 1922 3085; x_wconf 76' lang='grc' dir='ltr'>γαρ</span> 
     </span>
    </p>

    <p class='ocr_par' dir='ltr' id='par_1_4' title="bbox 239 3090 1923 3353">
     <span class='ocr_line' id='line_1_35' title="bbox 239 3090 1922 3176; baseline -0.004 -20"><span class='ocrx_word' id='word_1_263' title='bbox 239 3130 249 3136; x_wconf 95' lang='grc'>·</span> <span class='ocrx_word' id='word_1_264' title='bbox 317 3101 373 3160; x_wconf 87' lang='grc' dir='ltr'>ἐς</span> <span class='ocrx_word' id='word_1_265' title='bbox 398 3094 605 3175; x_wconf 71' lang='grc' dir='ltr'>αἰχμάς</span> <span class='ocrx_word' id='word_1_266' title='bbox 641 3095 733 3154; x_wconf 87' lang='grc' dir='ltr'>καὶ</span> <span class='ocrx_word' id='word_1_267' title='bbox 759 3093 911 3172; x_wconf 79' lang='grc' dir='ltr'>ἄρδις</span> <span class='ocrx_word' id='word_1_268' title='bbox 953 3095 1044 3153; x_wconf 87' lang='grc' dir='ltr'>καὶ</span> <span class='ocrx_word' id='word_1_269' title='bbox 1089 3093 1344 3176; x_wconf 87' lang='grc' dir='ltr'>σαγάρις,</span> <span class='ocrx_word' id='word_1_270' title='bbox 1385 3096 1580 3174; x_wconf 83' lang='grc' dir='ltr'>χαλκῷ</span> <span class='ocrx_word' id='word_1_271' title='bbox 1615 3118 1688 3151; x_wconf 90' lang='grc' dir='ltr'>τα</span> <span class='ocrx_word' id='word_1_272' title='bbox 1731 3090 1922 3152; x_wconf 83' lang='grc' dir='ltr'>πάντα</span> 
     </span>
     <span class='ocr_line' id='line_1_36' title="bbox 313 3176 1923 3287; baseline -0.006 -42"><span class='ocrx_word' id='word_1_273' title='bbox 313 3185 601 3264; x_wconf 90' lang='grc' dir='ltr'>χρέωνται·</span> <span class='ocrx_word' id='word_1_274' title='bbox 642 3182 757 3245; x_wconf 82' lang='grc' dir='ltr'>ὅσα.</span> <span class='ocrx_word' id='word_1_275' title='bbox 794 3182 855 3241; x_wconf 89' lang='grc' dir='ltr'>δε</span> <span class='ocrx_word' id='word_1_276' title='bbox 893 3182 1022 3260; x_wconf 84' lang='grc' dir='ltr'>περὶ</span> <span class='ocrx_word' id='word_1_277' title='bbox 1059 3180 1316 3257; x_wconf 84' lang='grc' dir='ltr'>κεφαλην</span> <span class='ocrx_word' id='word_1_278' title='bbox 1362 3183 1454 3241; x_wconf 85' lang='grc' dir='ltr'>καὶ</span> <span class='ocrx_word' id='word_1_279' title='bbox 1499 3181 1817 3287; x_wconf 83' lang='grc' dir='ltr'>ζωστῆρας</span> <span class='ocrx_word' id='word_1_280' title='bbox 1829 3176 1923 3236; x_wconf 79' lang='grc' dir='ltr'>καὶ</span> 
     </span>
     <span class='ocr_line' id='line_1_37' title="bbox 318 3262 1922 3353; baseline -0.004 -20"><span class='ocrx_word' id='word_1_281' title='bbox 318 3274 811 3353; x_wconf 78' lang='grc' dir='ltr'>μασχαλιστῆρας,</span> <span class='ocrx_word' id='word_1_282' title='bbox 860 3272 1055 3350; x_wconf 75' lang='grc' dir='ltr'>χρυσῷ</span> <span class='ocrx_word' id='word_1_283' title='bbox 1105 3270 1460 3347; x_wconf 86' lang='grc' dir='ltr'>κοσμέονται·</span> <span class='ocrx_word' id='word_1_284' title='bbox 1527 3266 1599 3329; x_wconf 77' lang='grc' dir='ltr'>ὥς</span> <span class='ocrx_word' id='word_1_285' title='bbox 1649 3263 1695 3325; x_wconf 91' lang='grc' dir='ltr'>δ’</span> <span class='ocrx_word' id='word_1_286' title='bbox 1746 3262 1922 3327; x_wconf 76' lang='grc' dir='ltr'>αὕτως</span> 
     </span>
    </p>
   </div>
  </div>
 </body>
</html>
