2267 3517
327 132 404 192 15,
432 131 523 196 16]
998 131 1283 206 eAAmA„
1824 129 1919 184 20⁷

319 216 544 290 πρῶτον
568 208 968 271 κατακοπέντα·
1009 209 1179 271 αὗτόν
1206 209 1265 269 δὲ
1290 208 1655 286 Ψαμμήνιτον
1680 207 1921 284 ἀναστή-

322 324 524 362 σαντες
567 297 710 378 ἦγον
760 296 916 374 παρὰ
961 296 1311 373 Καμβύσεα·
1393 297 1525 357 ἔνθα
1568 299 1672 355 τοῦ
1720 299 1925 356 λοιποῦ

322 385 574 446 διαιτᾶτο
600 386 741 464 ἔχων
776 383 935 444 οὐδὲν
970 384 1182 460 βίαιον·
1224 388 1273 443 εἰ
1310 383 1369 442 δὲ
1405 384 1498 442 καὶ
1526 381 1816 458 ἠπιστήθη
1840 381 1922 460 μή

321 474 832 553 πολυπρηγμονεῖν,
874 469 1137 547 ἀπέλαβε
1177 469 1245 530 ἂν
1284 470 1570 551 Αἴγυπτον
1623 469 1767 531 ὥστε
1808 475 1922 530 ἐπι-

320 560 610 638 τροπεύειν
656 557 844 634 αὐτῆς·
922 559 1044 617 ἐπεὶ
1081 560 1253 634 τιμᾶν
1300 557 1507 618 ἐώθασι
1549 558 1776 634 Πέρσαι
1815 555 1926 618 τῶν

320 649 614 726 βασιλέων
643 645 774 711 τοῦς
803 643 1024 708 παῖδας·
1064 647 1194 715 τῶν,
1224 642 1295 720 ἢν
1326 645 1424 704 καί
1455 650 1648 720 σφεων
1683 643 1924 704 ἀποστέ-

322 761 448 806 ωσι,
499 733 646 812 ὅμως
693 733 852 794 τοῖσί
890 757 959 812 γε
1003 732 1173 792 παισὶ
1218 729 1397 792 αὐτῶν
1449 730 1781 803 ἀποδιδοῦσι
1819 732 1926 809 τήν

323 821 522 902 ἀρχήν·
563 822 841 882 πολλοῖσι
865 819 969 896 μέν
998 844 1094 880 νυν
1121 819 1215 878 καὶ
1250 817 1493 879 ἄλλοισί
1506 824 1639 878 -ἐστι
1665 819 1925 896 σταθμώ-

323 910 558 979 σασθαι,
586 907 674 969 ὅτι
696 910 866 968 τοῦτο
901 905 1042 966 οὕτω
1076 906 1400 983 νενομίκασι
1427 907 1649 977 ποιέειν,
1679 912 1737 967 ἐν
1764 907 1823 966 δὲ
1850 907 1919 984 δή

325 996 418 1055 καὶ
442 996 597 1076 τῷδε,
622 997 700 1074 τῷ
733 993 952 1071 Λίβυος
984 992 1180 1070 Ἰνάρω
1213 993 1372 1052 παιδὶ
1402 991 1674 1071 Θαννύρᾳ,
1700 993 1762 1057 ὃς
1792 992 1925 1054 οἶπέ-

323 1084 476 1159 λαβε
499 1082 604 1158 τήν
629 1084 684 1142 οἱ
709 1080 743 1142 ὅ
766 1079 954 1158 πατὴρ
983 1079 1100 1159 εἶχε
1126 1078 1328 1159 ἀρχήν·
1367 1081 1461 1139 καὶ
1484 1083 1563 1159 τῷ
1584 1080 1924 1158 Ἀμυρταίου

285 1201 298 1216 =
325 1171 595 1246 Παυσίρι·
650 1169 744 1227 καὶ
781 1167 892 1248 γὰρ
933 1163 1095 1230 οὗτος
1133 1166 1395 1243 ἀπέλαβε
1432 1166 1537 1242 τὴν
1574 1171 1675 1228 τοῦ
1714 1168 1926 1244 πατρός

326 1254 528 1335 α’ρχήν.
569 1255 749 1314 καίτοι
771 1253 966 1331 Ἰνάρω
996 1278 1059 1313 τε
1095 1254 1189 1314 καὶ
1213 1252 1551 1332 Ἀμυρταίου
1588 1253 1826 1332 οὐδαμοί
1848 1281 1925 1316 κω

327 1343 559 1420 Πέρσας
609 1340 752 1401 κακὰ
800 1341 956 1400 πλέω
1009 1340 1341 1422 ἐργάσαντο.
1423 1345 1520 1402 νῦν
1566 1341 1626 1401 δὲ
1669 1342 1926 1422 μηχανό-

327 1453 491 1506 μενος
529 1427 673 1489 κακὰ
707 1427 740 1488 ὁ
775 1425 1139 1504 Ψαμμήνιτος
1174 1428 1354 1505 ἔλαβε
1391 1428 1494 1490 τᾶν
1532 1429 1759 1506 μισθόν·
1800 1429 1927 1490 α’,πι-

327 1515 470 1580 στὰς
520 1515 630 1597 γὰρ
682 1515 1019 1596 Αἰγυπτίους
1055 1513 1197 1591 ἥλω·
1278 1516 1406 1577 ἐπεί
1450 1541 1514 1576 τε
1560 1517 1621 1576 δὲ
1661 1516 1925 1582 ἐπάῖστος

326 1603 543 1684 ἐγένετο
568 1600 680 1663 &vra
713 1599 1062 1678 Καμβύσεω,
1089 1601 1229 1678 αἷμα
1265 1603 1471 1680 ταύρου
1508 1604 1651 1665 πιῶν
1684 1603 1925 1666 ἀπέθανε

325 1694 690 1772 παραχρῆμα.
774 1687 916 1749 οὕτω
943 1687 1012 1763 δή
1041 1684 1205 1752 οὗτος
1231 1690 1578 1768 ἐτελεύτησε.

409 1777 737 1856 Καμβύσης
761 1777 822 1836 δὲ
849 1780 909 1835 ἐκ
935 1775 1205 1852 Μέμφιος
1236 1775 1466 1838 ἀπίκετο
1494 1783 1549 1843 ἐς
1576 1777 1715 1844 Σάῖν
1738 1779 1925 1850 πόλιν,
1945 1780 2019 1839 16

326 1865 676 1944 βουλόμενος
727 1865 968 1940 ποιῆσαι
1003 1863 1090 1934 ,τοὶ
1129 1861 1200 1938 δή
1240 1863 1333 1922 καὶ
1373 1867 1623 1940 ἐποίησε.
1706 1867 1831 1926 ἐπεί
1862 1891 1927 1927 τε

326 1951 438 2032 γὰρ
468 1954 680 2029 ἐσῆλθε
706 1957 761 2015 ἐς
786 1951 859 2011 τοὶ
884 1954 985 2010 τοῦ
1002 1948 1281 2026 Ἀμάσιος
1308 1953 1469 2022 οἰκία,
1490 1951 1691 2034 αὐτίκα
1711 1953 1928 2012 ἐκέλευε

331 2043 392 2096 ἐκ
414 2041 516 2114 τῆς
549 2041 736 2114 ταφῆς
769 2037 872 2097 τᾶν
904 2035 1182 2113 Ἀμάσιος
1220 2038 1379 2099 νέκυν
1414 2039 1667 2116 ἐκφέρειν
1693 2038 1813 2108 ἔξω·
1855 2037 1927 2104 ὥς

331 2123 392 2183 δὲ
442 2124 617 2186 ταῦτα’.
656 2126 711 2183 οἱ
751 2124 1009 2183 ἐπιτελέα
1064 2125 1297 2206 ἐγένετο,
1336 2129 1651 2206 μαστιγοῦν
1690 2124 1925 2197 ἐκέλευε,

332 2211 425 2270 καὶ
448 2211 548 2276 τὰς
571 2211 766 2289 τρίχας
790 2209 1137 2282 ἀποτίλλειν,
1166 2212 1259 2272 καὶ
1284 2216 1508 2272 κεντοῦν
1532 2236 1596 2272 τε
1622 2212 1714 2271 καὶ
1738 2211 1929 2272 τᾶλλα

329 2298 516 2360 πάντα
553 2299 946 2376 λυμαίνεσθαι·
1017 2299 1143 2358 ἐπεί
1175 2325 1239 2360 τε
1279 2300 1339 2360 δὲ
1379 2300 1473 2360 καὶ
1508 2304 1686 2362 ταῦτα
1725 2300 1929 2377 ἔκαμον

329 2390 626 2456 ποιεῦντες,
671 2385 728 2466 (ὅ
779 2386 890 2467 γοὶρ
945 2384 1013 2462 δή
1062 2385 1270 2462 νεκρός,
1317 2386 1417 2447 ἅτε
1460 2388 1927 2468 τεταριχευμένος,

331 2471 554 2553 α’ντεῖχέ
575 2497 638 2534 τε
664 2473 756 2532 καὶ
788 2472 945 2533 οὐδὲν
976 2473 1262 2552 διεχέετο,)
1290 2474 1552 2534 ἐκέλευσέ
1580 2501 1679 2552 μιν
1708 2475 1740 2536 ὁ
1769 2481 1929 2553 Καμ-

331 2559 520 2636 βύσης
551 2564 914 2630 κατακαῦσαι,
953 2559 1351 2634 ἐντελλόμενος
1383 2559 1483 2620 οὐκ
1514 2559 1666 2622 ὅσια·
1709 2564 1933 2640 Πέρσαι

307 2644 442 2726 γὰρ
469 2646 595 2727 θεόν
636 2647 927 2723 νομίζουσι
963 2645 1103 2706 εἶναι
1127 2650 1261 2724 πῦρ·
1301 2645 1370 2707 τό
1410 2645 1486 2707 ὧν
1511 2649 1826 2710 κατακαίειν
1863 2675 1930 2731 γε

331 2732 462 2797 τοῦς
513 2732 738 2813 νεκρούς
789 2732 1040 2810 οὐδαμῶς
1080 2738 1141 2792 ἐν
1188 2731 1340 2813 νόμῳ
1393 2732 1737 2813 οὖδετέροισί
1787 2741 1930 2796 ἐστι·

334 2820 599 2900 Πέρσῃσι
623 2822 744 2897 μὲν,
773 2819 841 2880 δι’
881 2819 1018 2897 ὅπερ
1055 2821 1283 2896 εἴρηται,
1313 2821 1419 2899 θεῷ
1456 2820 1521 2881 οὖ
1558 2822 1767 2884 δίκαιον
1793 2823 1931 2884 εἶναι

332 2906 595 2987 λέγοντες
637 2909 819 2983 νέμειν
858 2905 1052 2984 νεκρόν
1089 2906 1405 2985 ἀνθρώπου·
1472 2910 1833 2990 Αἰγυπτίοισι
1871 2910 1933 2969 δὲ

333 2993 658 3071 νενόμισται
683 2998 795 3072 πῦρ
821 2995 1015 3071 θηρίον
1041 2993 1181 3054 εἶναι
1208 2994 1474 3074 ἔμψυχον,
1502 2995 1687 3057 πάντα
1712 2996 1771 3055 δὲ
1796 2995 1932 3056 ufir&

334 3082 649 3142 κατεσθίειν
684 3081 758 3141 τά
794 3105 901 3159 περ
941 3078 1009 3140 ἂν
1053 3080 1217 3159 λάβῃ
1255 3083 1513 3157 πλησθὲν
1554 3081 1614 3140 δὲ
1654 3079 1790 3141 αὐτό
1830 3083 1933 3157 τῆς

331 3167 517 3245 βορῆς
573 3167 1056 3243 συναποθνήσκειν
1110 3172 1189 3246 τῷ
1251 3168 1681 3245 κατεσθιομένῳ·
1762 3165 1936 3228 οὔκων

331 3251 584 3333 θηρίοισι
608 3254 778 3336 νόμος
803 3253 1057 3332 οὐδαμῶς
1092 3253 1211 3330 σφί
1236 3259 1361 3314 ἐστι
1392 3254 1493 3313 τὸν
1524 3253 1683 3312 νέκυν
1708 3251 1933 3314 διδόναι·
