2267 3517
333 130 398 179 34
952 127 1323 177 ·11P0Ao·1·o·1·
1860 125 1931 191 [Ι.

331 206 472 269 εἶναι
496 208 682 284 σοφὸς
707 206 819 267 α’πό
846 206 908 267 δὲ
929 206 1132 282 ταύτης
1155 210 1255 282 τῆς
1280 204 1505 287 γνῶμης
1535 204 1629 265 καὶ
1657 204 1725 265 τό
1760 203 1936 282 κάρτα

331 292 543 372 οὕνομα
569 300 628 355 ἐν
646 295 885 354 Λυδοῖσι
913 294 1066 372 ἔχων,
1090 292 1511 369 συνεβούλευσε
1531 292 1763 370 Κροίσῳ
1782 290 1933 352 τάδε·

329 379 566 461 (οὔνομά
609 385 662 441 οἱ
691 380 762 457 ἦν
795 380 1103 460 Σάνδανις)
1189 379 1274 439 “ὦ
1306 383 1575 456 βασιλεῦ,
1624 378 1708 437 ἐπ’
1734 377 1935 456 ἄνδρας

325 468 609 532 τοιούτους
656 468 1064 546 στρατεύεσθαι
1096 467 1546 544 παρασκευάζεαι
1587 466 1643 526 οἳ
1674 468 1935 531 σκυτίνας

329 560 435 633 μὲν
485 555 829 633 ἀναξυρίδας,
883 556 1149 635 σκυτίνην
1207 556 1267 615 δὲ
1322 554 1428 629 τήν
1480 553 1666 630 ἄλλην
1720 555 1935 629 ε’σθῆτα

330 645 618 721 φορέουσι·
665 646 956 705 σιτέονται·
975 643 1036 703 δὲ
1072 642 1174 703 οὐκ
1208 643 1320 703 ὅσα
1356 642 1619 702 ἐθέλουσι
1654 639 1786 705 ἄλλ’
1820 640 1933 701 ὅσα

329 734 540 810 ἔχουσι,
583 730 772 811 χῶρην
812 732 1031 811 ἔχοντες
1065 730 1346 809 τρηχείην·
1387 729 1531 807 πρὸς
1560 730 1637 798 δὲ,
1674 728 1773 788 οὐκ
1805 730 1932 809 οἴνῳ

328 820 676 898 διαχρέονται
713 818 870 878 άλλοὶ
899 819 1320 897 ὑδροποτέουσι·
1364 842 1429 876 ου
1466 842 1616 877 συκα
1646 817 1766 877 δὲ”
1736 842 1932 896 εχουσι

323 908 570 988 τρώγειν,
605 906 704 967 οὐκ
739 907 888 966 ἄλλο
920 905 1141 987 αγαθόν
1172 905 1348 966 ουδέν.
1429 908 1597 964 τοῦτο
1628 930 1732 981 μεν
1762 904 1849 981 δή,
1883 931 1932 965 ει

326 994 586 1070 νικήσεις,
637 996 699 1055 τί
747 1001 931 1071 σφεας
983 992 1325 1071 α’παιρήσεαι
1361 992 1521 1053 τοῖσί
1564 1017 1634 1073 γε
1676 991 1760 1070 μή
1806 1017 1931 1052 εστι

324 1083 521 1158 μηδέν,
562 1086 730 1142 τοῦτο
761 1081 901 1153 δὲ,
865 1108 936 1159 ην
965 1084 1211 1161 νικηθῇς,
1244 1078 1458 1159 μάθε
1424 1105 1539 1140 οσα
1570 1079 1757 1161 α’γαθσῖ
1790 1078 1926 1139 αἶπο-

324 1171 570 1245 βαλέεις·
655 1170 992 1251 γευσάμενοι
1042 1169 1155 1251 γοὶρ
1208 1172 1319 1229 τῶν
1369 1167 1651 1245 ἡμετέρων
1704 1166 1931 1248 ἀγαθῶν

323 1258 684 1334 περιέξονται,
729 1258 855 1318 οὐδὲ
894 1257 1150 1317 ἀπωστοὶ
1190 1258 1433 1317 ἔσονται.
1516 1254 1623 1336 ἐγῶ
1676 1256 1781 1332 μέν
1830 1280 1928 1316 νυν

323 1344 507 1404 θεοῖσι
534 1346 641 1423 ἔχω
664 1344 846 1423 χάριν,
874 1344 929 1403 οἳ
953 1344 1055 1404 οὐκ
1087 1344 1181 1404 ἐπὶ
1216 1344 1347 1404 νόον
1376 1344 1635 1404 ποιέουσι
1661 1343 1928 1422 Πέρσῃσι

325 1432 732 1509 στρατεύεσθαι
758 1432 850 1491 ἐπὶ
869 1430 1132 1496 Λυδούς.”
1212 1435 1389 1491 ταῦτα
1413 1431 1595 1511 λέγων
1620 1430 1721 1490 οὐκ
1746 1431 1928 1491 ἔπειθε

321 1516 423 1579 τόν
479 1522 752 1597 Κροῖσον.
841 1519 1108 1597 Πέρσῃσι
1157 1518 1286 1600 γὰρ,
1327 1518 1459 1595 πρὶν
1494 1517 1710 1582 Λυδοῦς
1761 1543 1925 1579 κατα·

324 1606 701 1685 στρέψασθαι,
727 1605 800 1683 ἦν
825 1606 952 1667 οὕτε
976 1604 1163 1684 ἆβρόν
1189 1606 1315 1667 οὔτε
1341 1604 1558 1687 οἷγαθόν
1585 1604 1762 1667 οὐδέν.

227 1698 262 1756 7
271 1697 310 1751 2.
407 1698 481 1753 Οἱ
513 1694 574 1754 δὲ
605 1693 983 1755 Καππαδόκαι
1011 1693 1124 1755 ύπό
1161 1693 1453 1770 Ἑλλήνων
1488 1692 1682 1772 Σύριοι
1724 1693 1925 1771 ὀνομά-

321 1782 526 1853 ζονται·
566 1780 717 1858 ἦσαν
747 1782 809 1841 δὲ
841 1785 896 1841 οἱ
932 1780 1122 1859 Σύριοι
1156 1780 1311 1843 οὗτοι
1338 1782 1407 1843 τὸ
1436 1784 1542 1860 μὲν
1582 1780 1856 1859 πρότερον
1885 1781 1923 1860 ἢ

325 1870 554 1946 Πέρσας
595 1867 759 1947 ἄρξαι
789 1869 1000 1945 Μήδων
1030 1870 1311 1947 κατήκοοι,
1342 1868 1475 1930 τότε
1506 1870 1568 1929 δὲ
1597 1868 1806 1947 Κύρου·
1889 1870 1923 1931 ὅ

319 1955 434 2037 γαῖρ
461 1956 623 2036 οὖρος
646 1956 719 2033 ἦν
742 1962 845 2035 τῆς
867 1983 928 2018 τε
949 1958 1208 2035 Μηδικῆς
1233 1957 1412 2037 ἀρχῆς
1438 1958 1531 2017 καὶ
1554 1959 1657 2033 τῆς
1680 1957 1923 2034 Λυδικῆς

320 2044 354 2104 ὁ
385 2044 564 2111 Ἀλυς
601 2045 873 2124 ποταμός·
914 2045 976 2110 ὃς
1013 2046 1127 2125 ῥέει
1168 2046 1232 2116 ἐξ
1268 2045 1563 2122 Ἀρμενίου
1604 2043 1791 2122 οὔρεος
1830 2046 1922 2105 διαὶ

323 2136 588 2205 Κιλίκων,
613 2135 756 2211 μετοὶ
792 2135 868 2205 δὲ,
906 2133 1229 2211 Ματιηνοῦς
1250 2137 1356 2211 μὲν
1382 2139 1441 2193 ἐν
1466 2134 1619 2212 δεξιῇ
1644 2134 1759 2212 ἔχει
1782 2133 1921 2209 ῥέων

320 2224 382 2277 ε’κ
408 2221 468 2279 δὲ
491 2224 592 2280 τοῦ
620 2224 807 2299 ἑτέρου
826 2221 1068 2302 Φρύγας·
1101 2220 1593 2300 παραμειβόμενος
1610 2221 1669 2280 δὲ
1692 2219 1921 2285 τούτους

318 2307 412 2364 καὶ
435 2307 584 2383 ῥέων,
598 2307 708 2367 ἅνω
732 2308 874 2384 πρὸς
896 2310 1109 2387 βορέην
1136 2310 1353 2385 ἄνεμον,
1384 2310 1536 2370 ἔνθεν
1558 2310 1664 2387 μὲν
1690 2309 1920 2385 Συρίους

318 2393 704 2457 Καππαδόκας
733 2394 978 2476 ἀπέργει,
1017 2396 1080 2463 ἐξ
1107 2394 1386 2471 εὐωνύμου
1415 2395 1476 2454 δὲ
1506 2394 1916 2476 Παφλαγόνας.

318 2478 462 2540 οὕτω
491 2480 526 2541 ὅ
548 2480 728 2545 Ἀλυς
757 2481 1010 2558 ποταμὸς
1035 2480 1345 2558 ἀποτάμνει
1373 2482 1581 2560 σχεδόν
1609 2482 1794 2544 πάντα
1815 2486 1918 2559 τῆς

315 2565 517 2645 Ἀσίης
543 2568 616 2629 τὰ
649 2568 796 2630 κάτω
827 2574 890 2627 ἐκ
923 2567 1227 2643 θαλάσσης
1257 2572 1359 2645 τῆς
1383 2567 1571 2629 ἀντίον
1602 2569 1837 2647 Κύπρου
1862 2574 1918 2634 ἐς

314 2679 416 2714 τον
471 2655 734 2727 Ευξεινον
781 2655 1006 2717 πόντον.
1087 2657 1212 2716 ἔστι
1264 2656 1324 2716 δὲ
1376 2654 1557 2735 αυχήν
1607 2680 1767 2720 ουτος
1815 2662 1918 2734 τῆς

313 2740 501 2820 χῶρης
542 2742 746 2821 ταύτης
789 2743 1034 2820 οἶπάσης·
1099 2748 1280 2821 μῆκος
1324 2742 1457 2804 οδοΰ
1504 2742 1713 2824 εὐζώνῳ
1758 2742 1917 2823 ανδρὶ

314 2828 481 2889 πέντε
509 2829 714 2909 ἡμέραι
743 2830 1186 2908 ἀναισιμοῦνται.

219 2914 301 2978 73
395 2913 794 2995 Ἐστρατεύετο
819 2917 939 2977 δε“
904 2946 937 2979 ο
969 2922 1282 2997 Κροῖσος’
1254 2945 1346 2980 επι
1379 2945 1485 2997 την
1510 2919 1916 2995 Καππαδοκίην

315 3002 486 3081 τῶνδε
517 3003 714 3064 εἵνεκα·
756 3005 848 3064 καὶ
885 3009 992 3086 γῆς
1032 3008 1217 3086 ἱμέρῳ,
1256 3007 1735 3084 προσκτήσασθαι
1772 3007 1917 3082 πρός

314 3090 422 3166 τήν
472 3094 673 3153 ἔωυτοΰ
728 3095 932 3170 μοῖραν
981 3094 1335 3172 βουλόμενος
1388 3096 1481 3153 καὶ
1531 3094 1788 3171 μάλιστα
1818 3098 1916 3170 ,τῷ

313 3180 638 3259 χρηστηρίῳ
675 3180 911 3243 πίσυνος
951 3179 1069 3251 ἔων,
1112 3181 1205 3240 καὶ
1243 3182 1517 3242 τίσασθαι
1558 3182 1736 3242 θέλων
1773 3178 1915 3255 ύπὲρ

312 3261 658 3350 Ἀστυάγεος
682 3270 894 3343 Κῦρον.
971 3264 1291 3350 Ἀστυάγεα
1326 3269 1438 3349 γσῖρ
1462 3268 1563 3328 τὸν
1594 3264 1913 3341 Κυαξάρεω,
