<?xml version="1.0" encoding="UTF-8"?>
<!DOCTYPE html PUBLIC "-//W3C//DTD XHTML 1.0 Transitional//EN"
    "http://www.w3.org/TR/xhtml1/DTD/xhtml1-transitional.dtd">
<html xmlns="http://www.w3.org/1999/xhtml" xml:lang="en" lang="en">
 <head>
  <title>
</title>
<meta http-equiv="Content-Type" content="text/html;charset=utf-8" />
  <meta name='ocr-system' content='tesseract 3.04.00' />
  <meta name='ocr-capabilities' content='ocr_page ocr_carea ocr_par ocr_line ocrx_word'/>
</head>
<body>
  <div class='ocr_page' id='page_1' title='image "./herodotus05blakgoog_0016.png"; bbox 0 0 2267 3517; ppageno 0'>
   <div class='ocr_carea' id='block_1_1' title="bbox 169 129 1841 1436">
    <p class='ocr_par' dir='ltr' id='par_1_1' title="bbox 169 129 1841 1436">
     <span class='ocr_line' id='line_1_1' title="bbox 239 129 1831 198; baseline -0.001 -12"><span class='ocrx_word' id='word_1_1' title='bbox 239 138 272 186; x_wconf 84' lang='grc'><strong>4</strong></span> <span class='ocrx_word' id='word_1_2' title='bbox 813 135 1179 188; x_wconf 69' lang='grc' dir='ltr'>ἨΡΟΔΟΤΟΤ</span> <span class='ocrx_word' id='word_1_3' title='bbox 1675 129 1686 141; x_wconf 59' lang='grc'><strong><em>’</em></strong></span> <span class='ocrx_word' id='word_1_4' title='bbox 1762 134 1831 198; x_wconf 89' lang='lat' dir='ltr'>[I.</span> 
     </span>
     <span class='ocr_line' id='line_1_2' title="bbox 239 214 1839 295; baseline 0.002 -20"><span class='ocrx_word' id='word_1_5' title='bbox 239 214 370 279; x_wconf 72' lang='grc' dir='ltr'>τούς</span> <span class='ocrx_word' id='word_1_6' title='bbox 389 219 448 276; x_wconf 79' lang='grc' dir='ltr'>ἐν</span> <span class='ocrx_word' id='word_1_7' title='bbox 465 217 538 294; x_wconf 83' lang='grc' dir='ltr'>τῇ</span> <span class='ocrx_word' id='word_1_8' title='bbox 559 214 749 295; x_wconf 83' lang='grc' dir='ltr'>Ἀσίῃ·</span> <span class='ocrx_word' id='word_1_9' title='bbox 783 218 990 295; x_wconf 85' lang='grc' dir='ltr'>φίλους</span> <span class='ocrx_word' id='word_1_10' title='bbox 1019 216 1078 276; x_wconf 84' lang='grc' dir='ltr'>δὲ</span> <span class='ocrx_word' id='word_1_11' title='bbox 1097 214 1557 293; x_wconf 76' lang='grc' dir='ltr'>προσεποιήσατο</span> <span class='ocrx_word' id='word_1_12' title='bbox 1576 216 1839 278; x_wconf 83' lang='grc' dir='ltr'>Λακεδαι-</span> 
     </span>
     <span class='ocr_line' id='line_1_3' title="bbox 240 301 1841 384; baseline 0.001 -21"><span class='ocrx_word' id='word_1_13' title='bbox 240 302 512 384; x_wconf 85' lang='grc' dir='ltr'>μονίους.)</span> <span class='ocrx_word' id='word_1_14' title='bbox 564 303 677 381; x_wconf 80' lang='grc' dir='ltr'>πρό</span> <span class='ocrx_word' id='word_1_15' title='bbox 693 306 754 365; x_wconf 79' lang='grc' dir='ltr'>δὲ</span> <span class='ocrx_word' id='word_1_16' title='bbox 767 309 870 382; x_wconf 84' lang='grc' dir='ltr'>τῆς</span> <span class='ocrx_word' id='word_1_17' title='bbox 887 304 1145 382; x_wconf 80' lang='grc' dir='ltr'>Κροίσου</span> <span class='ocrx_word' id='word_1_18' title='bbox 1163 301 1341 382; x_wconf 72' lang='grc' dir='ltr'>ἀρχῆς</span> <span class='ocrx_word' id='word_1_19' title='bbox 1354 301 1841 380; x_wconf 68' lang='grc' dir='ltr'>πάντεςἼῧλληνες</span> 
     </span>
     <span class='ocr_line' id='line_1_4' title="bbox 239 388 1841 474; baseline 0.001 -25"><span class='ocrx_word' id='word_1_20' title='bbox 239 388 392 465; x_wconf 83' lang='grc' dir='ltr'>ἦσαν</span> <span class='ocrx_word' id='word_1_21' title='bbox 411 390 710 469; x_wconf 84' lang='grc' dir='ltr'>ἐλεύθεροι·</span> <span class='ocrx_word' id='word_1_22' title='bbox 741 392 810 453; x_wconf 77' lang='grc' dir='ltr'>τᾶ</span> <span class='ocrx_word' id='word_1_23' title='bbox 831 391 945 474; x_wconf 72' lang='grc' dir='ltr'>γάρ</span> <span class='ocrx_word' id='word_1_24' title='bbox 963 391 1288 468; x_wconf 81' lang='grc' dir='ltr'>Κιμμερίων</span> <span class='ocrx_word' id='word_1_25' title='bbox 1307 390 1627 469; x_wconf 83' lang='grc' dir='ltr'>στράτευμα</span> <span class='ocrx_word' id='word_1_26' title='bbox 1653 390 1721 453; x_wconf 82' lang='grc' dir='ltr'><em>τό</em></span> <span class='ocrx_word' id='word_1_27' title='bbox 1748 393 1841 451; x_wconf 86' lang='grc' dir='ltr'>ε’πὶ</span> 
     </span>
     <span class='ocr_line' id='line_1_5' title="bbox 237 476 1838 557; baseline 0.002 -20"><span class='ocrx_word' id='word_1_28' title='bbox 237 476 344 553; x_wconf 78' lang='grc' dir='ltr'>τῆν</span> <span class='ocrx_word' id='word_1_29' title='bbox 377 476 588 555; x_wconf 84' lang='grc' dir='ltr'>Ἰωνίην</span> <span class='ocrx_word' id='word_1_30' title='bbox 624 478 976 557; x_wconf 71' lang='grc' dir='ltr'>ἀπικόμενον,</span> <span class='ocrx_word' id='word_1_31' title='bbox 1011 479 1269 556; x_wconf 83' lang='grc' dir='ltr'>Κροίσου</span> <span class='ocrx_word' id='word_1_32' title='bbox 1304 476 1401 539; x_wconf 77' lang='grc' dir='ltr'>ε’δν</span> <span class='ocrx_word' id='word_1_33' title='bbox 1434 477 1838 555; x_wconf 87' lang='grc' dir='ltr'>πρεσβύτερον,</span> 
     </span>
     <span class='ocr_line' id='line_1_6' title="bbox 241 563 1839 676; baseline 0.002 -51"><span class='ocrx_word' id='word_1_34' title='bbox 241 563 307 625; x_wconf 81' lang='grc' dir='ltr'>οὗ</span> <span class='ocrx_word' id='word_1_35' title='bbox 299 567 704 676; x_wconf 35' lang='grc' dir='ltr'>’.καταστροφή</span> <span class='ocrx_word' id='word_1_36' title='bbox 737 564 954 649; x_wconf 78' lang='grc' dir='ltr'>ἐγένετο</span> <span class='ocrx_word' id='word_1_37' title='bbox 978 568 1089 627; x_wconf 78' lang='grc' dir='ltr'>τῶν</span> <span class='ocrx_word' id='word_1_38' title='bbox 1113 566 1342 635; x_wconf 87' lang='grc' dir='ltr'>πολίων,</span> <span class='ocrx_word' id='word_1_39' title='bbox 1370 564 1503 625; x_wconf 76' lang='grc' dir='ltr'>ἀλλ’</span> <span class='ocrx_word' id='word_1_40' title='bbox 1531 566 1594 635; x_wconf 78' lang='grc' dir='ltr'>ἐξ</span> <span class='ocrx_word' id='word_1_41' title='bbox 1624 566 1839 644; x_wconf 82' lang='grc' dir='ltr'>ἐπιδρο-</span> 
     </span>
     <span class='ocr_line' id='line_1_7' title="bbox 177 651 1841 767; baseline -0.001 -51"><span class='ocrx_word' id='word_1_42' title='bbox 177 651 216 716; x_wconf 72' lang='grc' dir='ltr'>’ἵ</span> <span class='ocrx_word' id='word_1_43' title='bbox 243 656 356 729; x_wconf 83' lang='grc' dir='ltr'>μῆς</span> <span class='ocrx_word' id='word_1_44' title='bbox 381 652 627 735; x_wconf 74' lang='grc' dir='ltr'>ἁρπαγή.</span> <span class='ocrx_word' id='word_1_45' title='bbox 700 655 774 715; x_wconf 86' lang='lat' dir='ltr'>‘H</span> <span class='ocrx_word' id='word_1_46' title='bbox 803 654 925 715; x_wconf 66' lang='grc' dir='ltr'>δὲε</span> <span class='ocrx_word' id='word_1_47' title='bbox 888 656 1157 767; x_wconf 84' lang='grc' dir='ltr'>ηγεμονίη</span> <span class='ocrx_word' id='word_1_48' title='bbox 1185 652 1325 715; x_wconf 81' lang='grc' dir='ltr'>οὕτω</span> <span class='ocrx_word' id='word_1_49' title='bbox 1350 654 1692 732; x_wconf 82' lang='grc' dir='ltr'>περιῆλθε,’</span> <span class='ocrx_word' id='word_1_50' title='bbox 1664 657 1841 715; x_wconf 82' lang='grc' dir='ltr'>εοῦσα</span> 
     </span>
     <span class='ocr_line' id='line_1_8' title="bbox 239 740 1839 825; baseline 0.004 -26.08"><span class='ocrx_word' id='word_1_51' title='bbox 239 740 717 819; x_wconf 83' lang='grc' dir='ltr'>“Ηρακλειδέων,’</span> <span class='ocrx_word' id='word_1_52' title='bbox 689 769 746 807; x_wconf 91' lang='grc' dir='ltr'>ες</span> <span class='ocrx_word' id='word_1_53' title='bbox 777 743 844 804; x_wconf 83' lang='grc' dir='ltr'><em>τό</em></span> <span class='ocrx_word' id='word_1_54' title='bbox 875 744 1034 825; x_wconf 87' lang='grc' dir='ltr'>γένος</span> <span class='ocrx_word' id='word_1_55' title='bbox 1068 741 1137 803; x_wconf 82' lang='grc' dir='ltr'><em>τό</em></span> <span class='ocrx_word' id='word_1_56' title='bbox 1170 741 1444 819; x_wconf 78' lang='grc' dir='ltr'>Κροίσου,</span> <span class='ocrx_word' id='word_1_57' title='bbox 1472 742 1839 819; x_wconf 80' lang='grc' dir='ltr'>καλεομένους</span> 
     </span>
     <span class='ocr_line' id='line_1_9' title="bbox 241 827 1839 907; baseline 0 -19"><span class='ocrx_word' id='word_1_58' title='bbox 241 827 303 889; x_wconf 80' lang='grc' dir='ltr'>δὲ</span> <span class='ocrx_word' id='word_1_59' title='bbox 355 830 707 906; x_wconf 80' lang='grc' dir='ltr'>Μερμνάδας.</span> <span class='ocrx_word' id='word_1_60' title='bbox 788 830 860 907; x_wconf 85' lang='grc' dir='ltr'>ἦν</span> <span class='ocrx_word' id='word_1_61' title='bbox 911 828 1263 906; x_wconf 86' lang='grc' dir='ltr'>Κανδαύλης,</span> <span class='ocrx_word' id='word_1_62' title='bbox 1311 827 1413 890; x_wconf 77' lang='grc' dir='ltr'>τᾶν</span> <span class='ocrx_word' id='word_1_63' title='bbox 1464 854 1521 889; x_wconf 91' lang='grc' dir='ltr'>οι</span> <span class='ocrx_word' id='word_1_64' title='bbox 1560 828 1839 906; x_wconf 86' lang='grc' dir='ltr'>Ἕλληνες</span> 
     </span>
     <span class='ocr_line' id='line_1_10' title="bbox 239 915 1839 999; baseline 0.003 -24"><span class='ocrx_word' id='word_1_65' title='bbox 239 918 543 999; x_wconf 86' lang='grc' dir='ltr'>Μυρσίλον</span> <span class='ocrx_word' id='word_1_66' title='bbox 577 916 933 996; x_wconf 80' lang='grc' dir='ltr'>ὀνομάζουσι,</span> <span class='ocrx_word' id='word_1_67' title='bbox 967 917 1231 995; x_wconf 86' lang='grc' dir='ltr'>τύραννος</span> <span class='ocrx_word' id='word_1_68' title='bbox 1264 916 1526 994; x_wconf 81' lang='grc' dir='ltr'>Σαρδίων,</span> <span class='ocrx_word' id='word_1_69' title='bbox 1561 915 1839 998; x_wconf 73' lang='grc' dir='ltr'>ἀπόγονος</span> 
     </span>
     <span class='ocr_line' id='line_1_11' title="bbox 240 994 1838 1115; baseline 0.001 -52"><span class='ocrx_word' id='word_1_70' title='bbox 240 1002 302 1065; x_wconf 84' lang='grc' dir='ltr'>δὲ</span> <span class='ocrx_word' id='word_1_71' title='bbox 317 994 594 1065; x_wconf 70' lang='grc' dir='ltr'>Ἀλκαίου</span> <span class='ocrx_word' id='word_1_72' title='bbox 613 1010 714 1067; x_wconf 82' lang='grc' dir='ltr'>τοῦ</span> <span class='ocrx_word' id='word_1_73' title='bbox 731 1006 1060 1085; x_wconf 79' lang='grc' dir='ltr'>Ἡρακλέος.</span> <span class='ocrx_word' id='word_1_74' title='bbox 1087 1004 1334 1115; x_wconf 54' lang='lat' dir='ltr'>:Aypmv</span> <span class='ocrx_word' id='word_1_75' title='bbox 1354 1007 1457 1083; x_wconf 79' lang='grc' dir='ltr'>μὲν</span> <span class='ocrx_word' id='word_1_76' title='bbox 1474 1003 1587 1085; x_wconf 71' lang='grc' dir='ltr'>γὰρ</span> <span class='ocrx_word' id='word_1_77' title='bbox 1606 1004 1641 1065; x_wconf 75' lang='grc' dir='ltr'>ὅ</span> <span class='ocrx_word' id='word_1_78' title='bbox 1660 1004 1838 1065; x_wconf 84' lang='grc' dir='ltr'>Νίνου</span> 
     </span>
     <span class='ocr_line' id='line_1_12' title="bbox 235 1091 1837 1171; baseline 0.001 -20"><span class='ocrx_word' id='word_1_79' title='bbox 235 1096 340 1151; x_wconf 77' lang='grc' dir='ltr'>τοῦ</span> <span class='ocrx_word' id='word_1_80' title='bbox 361 1091 554 1169; x_wconf 86' lang='grc' dir='ltr'>Βήλου</span> <span class='ocrx_word' id='word_1_81' title='bbox 572 1099 676 1155; x_wconf 77' lang='grc' dir='ltr'>τοῦ</span> <span class='ocrx_word' id='word_1_82' title='bbox 699 1094 966 1155; x_wconf 85' lang='grc' dir='ltr'>Ἀλκαίου</span> <span class='ocrx_word' id='word_1_83' title='bbox 992 1098 1211 1171; x_wconf 75' lang='grc' dir='ltr'>πρῶτος</span> <span class='ocrx_word' id='word_1_84' title='bbox 1236 1092 1641 1171; x_wconf 82' lang='grc' dir='ltr'>Ἡρακλειδέων</span> <span class='ocrx_word' id='word_1_85' title='bbox 1665 1093 1837 1167; x_wconf 84' lang='grc' dir='ltr'>βασι-</span> 
     </span>
     <span class='ocr_line' id='line_1_13' title="bbox 169 1179 1839 1262; baseline 0.002 -24"><span class='ocrx_word' id='word_1_86' title='bbox 169 1216 179 1225; x_wconf 85' lang='grc'><em>·</em></span> <span class='ocrx_word' id='word_1_87' title='bbox 237 1179 370 1244; x_wconf 90' lang='grc' dir='ltr'>λευς</span> <span class='ocrx_word' id='word_1_88' title='bbox 423 1182 639 1262; x_wconf 81' lang='grc' dir='ltr'>ε’·’γενετο</span> <span class='ocrx_word' id='word_1_89' title='bbox 695 1184 957 1259; x_wconf 81' lang='grc' dir='ltr'>Σαρδίων,</span> <span class='ocrx_word' id='word_1_90' title='bbox 1008 1179 1375 1257; x_wconf 78' lang='grc' dir='ltr'>Κανδαύλης</span> <span class='ocrx_word' id='word_1_91' title='bbox 1395 1180 1457 1240; x_wconf 76' lang='grc' dir='ltr'>δὲ</span> <span class='ocrx_word' id='word_1_92' title='bbox 1506 1206 1539 1240; x_wconf 92' lang='grc' dir='ltr'>ο</span> <span class='ocrx_word' id='word_1_93' title='bbox 1596 1180 1839 1258; x_wconf 82' lang='grc' dir='ltr'>Μύρσου</span> 
     </span>
     <span class='ocr_line' id='line_1_14' title="bbox 234 1265 1839 1350; baseline 0.003 -25"><span class='ocrx_word' id='word_1_94' title='bbox 234 1265 495 1331; x_wconf 79' lang='grc' dir='ltr'>ὕστατος·</span> <span class='ocrx_word' id='word_1_95' title='bbox 545 1272 600 1329; x_wconf 81' lang='grc' dir='ltr'>οἱ</span> <span class='ocrx_word' id='word_1_96' title='bbox 645 1269 707 1328; x_wconf 91' lang='grc' dir='ltr'>δε</span> <span class='ocrx_word' id='word_1_97' title='bbox 749 1270 1022 1346; x_wconf 87' lang='grc' dir='ltr'>πρότερον</span> <span class='ocrx_word' id='word_1_98' title='bbox 1055 1267 1342 1350; x_wconf 77' lang='grc' dir='ltr'>Ἄγρωνος</span> <span class='ocrx_word' id='word_1_99' title='bbox 1386 1266 1839 1343; x_wconf 85' lang='grc' dir='ltr'>βασιλεύσαντες</span> 
     </span>
     <span class='ocr_line' id='line_1_15' title="bbox 239 1353 1835 1436; baseline 0.003 -23"><span class='ocrx_word' id='word_1_100' title='bbox 239 1354 444 1429; x_wconf 80' lang='grc' dir='ltr'>ταύτης</span> <span class='ocrx_word' id='word_1_101' title='bbox 469 1360 570 1430; x_wconf 87' lang='grc' dir='ltr'>τῆς</span> <span class='ocrx_word' id='word_1_102' title='bbox 595 1356 780 1434; x_wconf 76' lang='grc' dir='ltr'>χώρης</span> <span class='ocrx_word' id='word_1_103' title='bbox 803 1355 953 1434; x_wconf 82' lang='grc' dir='ltr'>ἦσαν</span> <span class='ocrx_word' id='word_1_104' title='bbox 979 1354 1247 1436; x_wconf 84' lang='grc' dir='ltr'>οἷπόγονοι</span> <span class='ocrx_word' id='word_1_105' title='bbox 1272 1355 1457 1415; x_wconf 80' lang='grc' dir='ltr'>Λυδοῦ</span> <span class='ocrx_word' id='word_1_106' title='bbox 1483 1358 1585 1415; x_wconf 78' lang='grc' dir='ltr'>τοῦ</span> <span class='ocrx_word' id='word_1_107' title='bbox 1609 1353 1835 1419; x_wconf 77' lang='grc' dir='ltr'>Ἀτυος·</span> 
     </span>
    </p>
   </div>
   <div class='ocr_carea' id='block_1_2' title="bbox 237 1440 1933 1519">
    <p class='ocr_par' dir='ltr' id='par_1_2' title="bbox 237 1440 1933 1519">
     <span class='ocr_line' id='line_1_16' title="bbox 237 1440 1933 1519; baseline 0.002 -19"><span class='ocrx_word' id='word_1_108' title='bbox 237 1440 354 1501; x_wconf 83' lang='grc' dir='ltr'>α’πό</span> <span class='ocrx_word' id='word_1_109' title='bbox 379 1445 480 1501; x_wconf 82' lang='grc' dir='ltr'>τοῦ</span> <span class='ocrx_word' id='word_1_110' title='bbox 496 1441 528 1502; x_wconf 81' lang='grc' dir='ltr'>ὁ</span> <span class='ocrx_word' id='word_1_111' title='bbox 546 1442 721 1519; x_wconf 86' lang='grc' dir='ltr'>δῆμος</span> <span class='ocrx_word' id='word_1_112' title='bbox 738 1441 941 1505; x_wconf 80' lang='grc' dir='ltr'>Λύδιος</span> <span class='ocrx_word' id='word_1_113' title='bbox 961 1442 1173 1518; x_wconf 79' lang='grc' dir='ltr'>ἐκλήθη</span> <span class='ocrx_word' id='word_1_114' title='bbox 1188 1441 1221 1502; x_wconf 81' lang='grc' dir='ltr'>ὅ</span> <span class='ocrx_word' id='word_1_115' title='bbox 1235 1446 1347 1504; x_wconf 80' lang='grc' dir='ltr'>πᾶς</span> <span class='ocrx_word' id='word_1_116' title='bbox 1372 1440 1548 1511; x_wconf 78' lang='grc' dir='ltr'>οὗτος,</span> <span class='ocrx_word' id='word_1_117' title='bbox 1566 1442 1838 1519; x_wconf 86' lang='grc' dir='ltr'>πρότερον</span> <span class='ocrx_word' id='word_1_118' title='bbox 1920 1470 1933 1477; x_wconf 85' lang='lat'><strong>·</strong></span> 
     </span>
    </p>
   </div>
   <div class='ocr_carea' id='block_1_3' title="bbox 171 1526 1841 3359">
    <p class='ocr_par' dir='ltr' id='par_1_3' title="bbox 171 1526 1841 3359">
     <span class='ocr_line' id='line_1_17' title="bbox 237 1526 1837 1608; baseline -0.001 -19"><span class='ocrx_word' id='word_1_119' title='bbox 237 1527 417 1608; x_wconf 81' lang='grc' dir='ltr'>Μῄων</span> <span class='ocrx_word' id='word_1_120' title='bbox 451 1529 804 1607; x_wconf 85' lang='grc' dir='ltr'>καλεόμενος.</span> <span class='ocrx_word' id='word_1_121' title='bbox 883 1528 1040 1605; x_wconf 69' lang='grc' dir='ltr'>παρὰ</span> <span class='ocrx_word' id='word_1_122' title='bbox 1076 1526 1288 1589; x_wconf 85' lang='grc' dir='ltr'>τούτων</span> <span class='ocrx_word' id='word_1_123' title='bbox 1319 1526 1683 1605; x_wconf 81' lang='grc' dir='ltr'>Ἡρακλεῖδαι</span> <span class='ocrx_word' id='word_1_124' title='bbox 1722 1533 1837 1588; x_wconf 91' lang='grc' dir='ltr'>ε’πι-</span> 
     </span>
     <span class='ocr_line' id='line_1_18' title="bbox 236 1614 1839 1698; baseline -0.001 -21"><span class='ocrx_word' id='word_1_125' title='bbox 236 1616 578 1694; x_wconf 78' lang='grc' dir='ltr'>τραφθέντες</span> <span class='ocrx_word' id='word_1_126' title='bbox 599 1619 770 1698; x_wconf 82' lang='grc' dir='ltr'>ἔο-χον</span> <span class='ocrx_word' id='word_1_127' title='bbox 783 1616 889 1695; x_wconf 80' lang='grc' dir='ltr'>τῆν</span> <span class='ocrx_word' id='word_1_128' title='bbox 905 1614 1086 1695; x_wconf 71' lang='grc' dir='ltr'>ἀρχὴν</span> <span class='ocrx_word' id='word_1_129' title='bbox 1101 1621 1165 1675; x_wconf 80' lang='grc' dir='ltr'>ἐκ</span> <span class='ocrx_word' id='word_1_130' title='bbox 1185 1615 1538 1693; x_wconf 85' lang='grc' dir='ltr'>θεοπροπίου,</span> <span class='ocrx_word' id='word_1_131' title='bbox 1558 1620 1619 1675; x_wconf 80' lang='grc' dir='ltr'>ἐκ</span> <span class='ocrx_word' id='word_1_132' title='bbox 1635 1614 1839 1692; x_wconf 87' lang='grc' dir='ltr'>δούλης</span> 
     </span>
     <span class='ocr_line' id='line_1_19' title="bbox 235 1700 1838 1787; baseline -0.001 -22"><span class='ocrx_word' id='word_1_133' title='bbox 235 1730 302 1765; x_wconf 87' lang='grc' dir='ltr'>τε</span> <span class='ocrx_word' id='word_1_134' title='bbox 329 1708 433 1779; x_wconf 84' lang='grc' dir='ltr'>τῆς</span> <span class='ocrx_word' id='word_1_135' title='bbox 463 1703 752 1781; x_wconf 82' lang='grc' dir='ltr'>Ἰαρδάνου</span> <span class='ocrx_word' id='word_1_136' title='bbox 780 1704 1072 1787; x_wconf 83' lang='grc' dir='ltr'>γεγονότες</span> <span class='ocrx_word' id='word_1_137' title='bbox 1102 1704 1195 1763; x_wconf 78' lang='grc' dir='ltr'>καὶ</span> <span class='ocrx_word' id='word_1_138' title='bbox 1220 1702 1547 1780; x_wconf 82' lang='grc' dir='ltr'>“Ηρακλέος,</span> <span class='ocrx_word' id='word_1_139' title='bbox 1576 1700 1838 1781; x_wconf 74' lang='grc' dir='ltr'>ἄρξαντες</span> 
     </span>
     <span class='ocr_line' id='line_1_20' title="bbox 236 1789 1837 1872; baseline 0 -21"><span class='ocrx_word' id='word_1_140' title='bbox 236 1794 345 1868; x_wconf 79' lang='grc' dir='ltr'>μὲν</span> <span class='ocrx_word' id='word_1_141' title='bbox 376 1792 469 1850; x_wconf 85' lang='grc' dir='ltr'>ε’πὶ</span> <span class='ocrx_word' id='word_1_142' title='bbox 499 1791 599 1851; x_wconf 88' lang='grc' dir='ltr'>δύο</span> <span class='ocrx_word' id='word_1_143' title='bbox 629 1817 693 1852; x_wconf 91' lang='grc' dir='ltr'>τε</span> <span class='ocrx_word' id='word_1_144' title='bbox 724 1792 816 1851; x_wconf 83' lang='grc' dir='ltr'>καὶ</span> <span class='ocrx_word' id='word_1_145' title='bbox 843 1792 1023 1851; x_wconf 77' lang='grc' dir='ltr'>εἴκοσι</span> <span class='ocrx_word' id='word_1_146' title='bbox 1049 1790 1245 1872; x_wconf 68' lang='grc' dir='ltr'>γενεαῖς</span> <span class='ocrx_word' id='word_1_147' title='bbox 1270 1789 1497 1867; x_wconf 74' lang='grc' dir='ltr'>ἀνδρῶν,</span> <span class='ocrx_word' id='word_1_148' title='bbox 1526 1790 1650 1849; x_wconf 81' lang='grc' dir='ltr'>ἔτεα</span> <span class='ocrx_word' id='word_1_149' title='bbox 1673 1789 1837 1851; x_wconf 80' lang='grc' dir='ltr'>πέντε</span> 
     </span>
     <span class='ocr_line' id='line_1_21' title="bbox 235 1876 1839 1957; baseline 0.002 -18"><span class='ocrx_word' id='word_1_150' title='bbox 235 1904 302 1939; x_wconf 88' lang='grc' dir='ltr'>τε</span> <span class='ocrx_word' id='word_1_151' title='bbox 341 1878 436 1937; x_wconf 85' lang='grc' dir='ltr'>καὶ</span> <span class='ocrx_word' id='word_1_152' title='bbox 474 1878 833 1949; x_wconf 87' lang='grc' dir='ltr'>πεντακόσια,</span> <span class='ocrx_word' id='word_1_153' title='bbox 869 1883 1002 1942; x_wconf 86' lang='grc' dir='ltr'>παῖς</span> <span class='ocrx_word' id='word_1_154' title='bbox 1039 1877 1196 1955; x_wconf 73' lang='grc' dir='ltr'>παραὶ</span> <span class='ocrx_word' id='word_1_155' title='bbox 1235 1876 1447 1954; x_wconf 80' lang='grc' dir='ltr'>πατρός</span> <span class='ocrx_word' id='word_1_156' title='bbox 1487 1876 1839 1957; x_wconf 78' lang='grc' dir='ltr'>ἐκδεκόμενος</span> 
     </span>
     <span class='ocr_line' id='line_1_22' title="bbox 171 1962 1837 2047; baseline 0.001 -20"><span class='ocrx_word' id='word_1_157' title='bbox 171 1968 212 2027; x_wconf 91' lang='grc'>8</span> <span class='ocrx_word' id='word_1_158' title='bbox 238 1965 344 2043; x_wconf 78' lang='grc' dir='ltr'>τήν</span> <span class='ocrx_word' id='word_1_159' title='bbox 368 1964 551 2045; x_wconf 81' lang='grc' dir='ltr'>α’ρχῆν</span> <span class='ocrx_word' id='word_1_160' title='bbox 575 1967 744 2047; x_wconf 87' lang='grc' dir='ltr'>μέχρι</span> <span class='ocrx_word' id='word_1_161' title='bbox 769 1964 1110 2027; x_wconf 87' lang='grc' dir='ltr'>Κανδαύλεω</span> <span class='ocrx_word' id='word_1_162' title='bbox 1134 1968 1237 2026; x_wconf 79' lang='grc' dir='ltr'>τοῦ</span> <span class='ocrx_word' id='word_1_163' title='bbox 1263 1964 1523 2043; x_wconf 88' lang='grc' dir='ltr'>Μύρσου·</span> <span class='ocrx_word' id='word_1_164' title='bbox 1558 1962 1741 2029; x_wconf 83' lang='grc' dir='ltr'>Οὗτος</span> <span class='ocrx_word' id='word_1_165' title='bbox 1764 1964 1837 2041; x_wconf 80' lang='grc' dir='ltr'>δῆ</span> 
     </span>
     <span class='ocr_line' id='line_1_23' title="bbox 236 2051 1834 2134; baseline -0.001 -21"><span class='ocrx_word' id='word_1_166' title='bbox 236 2052 314 2115; x_wconf 76' lang='grc' dir='ltr'>ὧν</span> <span class='ocrx_word' id='word_1_167' title='bbox 355 2052 388 2114; x_wconf 82' lang='grc' dir='ltr'>ὁ</span> <span class='ocrx_word' id='word_1_168' title='bbox 427 2053 760 2131; x_wconf 80' lang='grc' dir='ltr'>Κανδαύλης</span> <span class='ocrx_word' id='word_1_169' title='bbox 783 2052 1010 2132; x_wconf 77' lang='grc' dir='ltr'>ἠράσθη</span> <span class='ocrx_word' id='word_1_170' title='bbox 1044 2057 1148 2129; x_wconf 83' lang='grc' dir='ltr'>τῆς</span> <span class='ocrx_word' id='word_1_171' title='bbox 1174 2056 1376 2113; x_wconf 81' lang='grc' dir='ltr'>ἑωυτοῦ</span> <span class='ocrx_word' id='word_1_172' title='bbox 1400 2051 1677 2134; x_wconf 87' lang='grc' dir='ltr'>γυναικός·</span> <span class='ocrx_word' id='word_1_173' title='bbox 1714 2057 1834 2130; x_wconf 80' lang='grc' dir='ltr'>ε’ρα·</span> 
     </span>
     <span class='ocr_line' id='line_1_24' title="bbox 236 2139 1839 2223; baseline 0.001 -22"><span class='ocrx_word' id='word_1_174' title='bbox 236 2141 396 2205; x_wconf 82' lang='grc' dir='ltr'>σθεὶς</span> <span class='ocrx_word' id='word_1_175' title='bbox 433 2142 509 2211; x_wconf 77' lang='grc' dir='ltr'>δὲ,</span> <span class='ocrx_word' id='word_1_176' title='bbox 553 2141 772 2219; x_wconf 80' lang='grc' dir='ltr'>ἐνόμιζέ</span> <span class='ocrx_word' id='word_1_177' title='bbox 809 2146 864 2203; x_wconf 80' lang='grc' dir='ltr'>οἳ</span> <span class='ocrx_word' id='word_1_178' title='bbox 903 2140 1044 2202; x_wconf 82' lang='grc' dir='ltr'>εἶναι</span> <span class='ocrx_word' id='word_1_179' title='bbox 1079 2144 1317 2223; x_wconf 79' lang='grc' dir='ltr'>γυναῖκα</span> <span class='ocrx_word' id='word_1_180' title='bbox 1354 2139 1577 2201; x_wconf 74' lang='grc' dir='ltr'>πολλόν</span> <span class='ocrx_word' id='word_1_181' title='bbox 1611 2141 1839 2202; x_wconf 84' lang='grc' dir='ltr'>πασέων</span> 
     </span>
     <span class='ocr_line' id='line_1_25' title="bbox 238 2226 1839 2310; baseline 0.001 -23"><span class='ocrx_word' id='word_1_182' title='bbox 238 2228 576 2305; x_wconf 85' lang='grc' dir='ltr'>καλλίστην·</span> <span class='ocrx_word' id='word_1_183' title='bbox 617 2230 764 2290; x_wconf 82' lang='grc' dir='ltr'>ὥστε</span> <span class='ocrx_word' id='word_1_184' title='bbox 787 2230 860 2289; x_wconf 77' lang='grc' dir='ltr'>δὲ</span> <span class='ocrx_word' id='word_1_185' title='bbox 891 2233 1069 2291; x_wconf 82' lang='grc' dir='ltr'>ταῦτα</span> <span class='ocrx_word' id='word_1_186' title='bbox 1107 2228 1427 2306; x_wconf 77' lang='grc' dir='ltr'>νομίζων,’</span> <span class='ocrx_word' id='word_1_187' title='bbox 1390 2254 1461 2305; x_wconf 91' lang='grc' dir='ltr'>ην</span> <span class='ocrx_word' id='word_1_188' title='bbox 1492 2226 1604 2310; x_wconf 89' lang='grc' dir='ltr'>γάρ</span> <span class='ocrx_word' id='word_1_189' title='bbox 1635 2231 1691 2289; x_wconf 81' lang='grc' dir='ltr'>οἱ</span> <span class='ocrx_word' id='word_1_190' title='bbox 1726 2231 1839 2289; x_wconf 76' lang='grc' dir='ltr'>τῶν</span> 
     </span>
     <span class='ocr_line' id='line_1_26' title="bbox 237 2316 1835 2397; baseline 0.001 -23"><span class='ocrx_word' id='word_1_191' title='bbox 237 2316 606 2395; x_wconf 84' lang='grc' dir='ltr'>αἰχμοφόρων</span> <span class='ocrx_word' id='word_1_192' title='bbox 616 2317 800 2397; x_wconf 78' lang='grc' dir='ltr'>Γύγης</span> <span class='ocrx_word' id='word_1_193' title='bbox 815 2343 846 2377; x_wconf 91' lang='grc' dir='ltr'>ο</span> <span class='ocrx_word' id='word_1_194' title='bbox 830 2316 1212 2377; x_wconf 84' lang='grc' dir='ltr'>Δασκύλου’</span> <span class='ocrx_word' id='word_1_195' title='bbox 1176 2316 1549 2393; x_wconf 82' lang='grc' dir='ltr'>αρεσκόμενος</span> <span class='ocrx_word' id='word_1_196' title='bbox 1563 2316 1835 2393; x_wconf 85' lang='grc' dir='ltr'>μάλιστα,</span> 
     </span>
     <span class='ocr_line' id='line_1_27' title="bbox 236 2402 1838 2489; baseline -0.001 -26"><span class='ocrx_word' id='word_1_197' title='bbox 236 2403 417 2482; x_wconf 81' lang='grc' dir='ltr'>τούτῳ</span> <span class='ocrx_word' id='word_1_198' title='bbox 439 2402 540 2484; x_wconf 76' lang='grc' dir='ltr'>[τῷ</span> <span class='ocrx_word' id='word_1_199' title='bbox 559 2402 746 2489; x_wconf 83' lang='grc' dir='ltr'>Γύγῃ]</span> <span class='ocrx_word' id='word_1_200' title='bbox 763 2404 855 2462; x_wconf 86' lang='grc' dir='ltr'>καὶ</span> <span class='ocrx_word' id='word_1_201' title='bbox 877 2428 950 2463; x_wconf 87' lang='grc' dir='ltr'>τα</span> <span class='ocrx_word' id='word_1_202' title='bbox 978 2403 1423 2480; x_wconf 83' lang='grc' dir='ltr'>σπουδαιέστερα</span> <span class='ocrx_word' id='word_1_203' title='bbox 1444 2406 1557 2464; x_wconf 76' lang='grc' dir='ltr'>τῶν</span> <span class='ocrx_word' id='word_1_204' title='bbox 1581 2402 1838 2485; x_wconf 85' lang='grc' dir='ltr'>πρηγμά-</span> 
     </span>
     <span class='ocr_line' id='line_1_28' title="bbox 235 2487 1840 2568; baseline 0.001 -16"><span class='ocrx_word' id='word_1_205' title='bbox 235 2516 348 2552; x_wconf 89' lang='grc' dir='ltr'>των</span> <span class='ocrx_word' id='word_1_206' title='bbox 380 2488 806 2568; x_wconf 86' lang='grc' dir='ltr'>υπερετίθετο</span> <span class='ocrx_word' id='word_1_207' title='bbox 771 2497 804 2551; x_wconf 88' lang='grc' dir='ltr'>ο</span> <span class='ocrx_word' id='word_1_208' title='bbox 839 2489 1191 2566; x_wconf 85' lang='grc' dir='ltr'>Κανδαύλης,</span> <span class='ocrx_word' id='word_1_209' title='bbox 1224 2490 1317 2549; x_wconf 83' lang='grc' dir='ltr'>καὶ</span> <span class='ocrx_word' id='word_1_210' title='bbox 1356 2487 1425 2564; x_wconf 87' lang='grc' dir='ltr'>δη</span> <span class='ocrx_word' id='word_1_211' title='bbox 1459 2489 1552 2548; x_wconf 85' lang='grc' dir='ltr'>καὶ</span> <span class='ocrx_word' id='word_1_212' title='bbox 1588 2515 1656 2550; x_wconf 88' lang='grc' dir='ltr'>το</span> <span class='ocrx_word' id='word_1_213' title='bbox 1697 2490 1840 2554; x_wconf 83' lang='grc' dir='ltr'>εἶδος</span> 
     </span>
     <span class='ocr_line' id='line_1_29' title="bbox 233 2574 1839 2659; baseline -0.004 -15.987"><span class='ocrx_word' id='word_1_214' title='bbox 233 2582 341 2655; x_wconf 77' lang='grc' dir='ltr'>’τῆς</span> <span class='ocrx_word' id='word_1_215' title='bbox 377 2578 637 2659; x_wconf 78' lang='grc' dir='ltr'>,γυναικός</span> <span class='ocrx_word' id='word_1_216' title='bbox 673 2577 1094 2655; x_wconf 69' lang='grc' dir='ltr'>ὑπερεπαινέων·</span> <span class='ocrx_word' id='word_1_217' title='bbox 1142 2576 1350 2656; x_wconf 85' lang='grc' dir='ltr'>χρόνου</span> <span class='ocrx_word' id='word_1_218' title='bbox 1394 2576 1456 2635; x_wconf 81' lang='grc' dir='ltr'>δὲ</span> <span class='ocrx_word' id='word_1_219' title='bbox 1502 2574 1569 2636; x_wconf 79' lang='grc' dir='ltr'>ού</span> <span class='ocrx_word' id='word_1_220' title='bbox 1614 2579 1839 2637; x_wconf 77' lang='grc' dir='ltr'>πολλοῦ</span> 
     </span>
     <span class='ocr_line' id='line_1_30' title="bbox 226 2662 1839 2747; baseline 0.001 -22.018"><span class='ocrx_word' id='word_1_221' title='bbox 226 2666 573 2736; x_wconf 90' lang='grc' dir='ltr'>διελθόντος,</span> <span class='ocrx_word' id='word_1_222' title='bbox 616 2668 784 2747; x_wconf 83' lang='grc' dir='ltr'>(χρῆν</span> <span class='ocrx_word' id='word_1_223' title='bbox 821 2665 934 2747; x_wconf 81' lang='grc' dir='ltr'>γοῖρ</span> <span class='ocrx_word' id='word_1_224' title='bbox 975 2664 1281 2742; x_wconf 84' lang='grc' dir='ltr'>Κανδαύλῃ</span> <span class='ocrx_word' id='word_1_225' title='bbox 1315 2662 1582 2744; x_wconf 87' lang='grc' dir='ltr'>γενέσθαι</span> <span class='ocrx_word' id='word_1_226' title='bbox 1620 2665 1839 2745; x_wconf 76' lang='grc' dir='ltr'>κακῶς,)</span> 
     </span>
     <span class='ocr_line' id='line_1_31' title="bbox 241 2749 1839 2863; baseline -0.001 -50"><span class='ocrx_word' id='word_1_227' title='bbox 241 2754 401 2834; x_wconf 80' lang='grc' dir='ltr'>ἔλεγε</span> <span class='ocrx_word' id='word_1_228' title='bbox 439 2778 582 2831; x_wconf 90' lang='grc' dir='ltr'>προς</span> <span class='ocrx_word' id='word_1_229' title='bbox 620 2753 722 2814; x_wconf 77' lang='grc' dir='ltr'>τᾶν</span> <span class='ocrx_word' id='word_1_230' title='bbox 762 2753 950 2835; x_wconf 78' lang='grc' dir='ltr'>Γύγην</span> <span class='ocrx_word' id='word_1_231' title='bbox 989 2751 1197 2813; x_wconf 87' lang='grc' dir='ltr'>τοιάδε·</span> <span class='ocrx_word' id='word_1_232' title='bbox 1238 2760 1276 2789; x_wconf 87' lang='grc'><strong>“</strong></span> <span class='ocrx_word' id='word_1_233' title='bbox 1292 2751 1481 2863; x_wconf 91' lang='grc' dir='ltr'>Γύγη,</span> <span class='ocrx_word' id='word_1_234' title='bbox 1506 2776 1573 2811; x_wconf 91' lang='grc' dir='ltr'>ου</span> <span class='ocrx_word' id='word_1_235' title='bbox 1614 2749 1725 2833; x_wconf 86' lang='grc' dir='ltr'>γάρ</span> <span class='ocrx_word' id='word_1_236' title='bbox 1768 2776 1839 2812; x_wconf 91' lang='grc' dir='ltr'>σε</span> 
     </span>
     <span class='ocr_line' id='line_1_32' title="bbox 240 2838 1841 2949; baseline 0 -50"><span class='ocrx_word' id='word_1_237' title='bbox 240 2840 414 2901; x_wconf 86' lang='grc' dir='ltr'>δοκέω</span> <span class='ocrx_word' id='word_1_238' title='bbox 452 2841 753 2902; x_wconf 90' lang='grc' dir='ltr'>πείθεσθαί</span> <span class='ocrx_word' id='word_1_239' title='bbox 793 2866 894 2919; x_wconf 88' lang='grc' dir='ltr'>μοι</span> <span class='ocrx_word' id='word_1_240' title='bbox 938 2840 1165 2949; x_wconf 81' lang='grc' dir='ltr'>λέγοντι</span> <span class='ocrx_word' id='word_1_241' title='bbox 1210 2839 1339 2917; x_wconf 85' lang='grc' dir='ltr'>περὶ</span> <span class='ocrx_word' id='word_1_242' title='bbox 1377 2863 1480 2899; x_wconf 84' lang='grc' dir='ltr'>του</span> <span class='ocrx_word' id='word_1_243' title='bbox 1526 2838 1697 2903; x_wconf 79' lang='grc' dir='ltr'>εἴδεος</span> <span class='ocrx_word' id='word_1_244' title='bbox 1738 2841 1841 2915; x_wconf 84' lang='grc' dir='ltr'>τῆς</span> 
     </span>
     <span class='ocr_line' id='line_1_33' title="bbox 237 2925 1839 3012; baseline -0.001 -24"><span class='ocrx_word' id='word_1_245' title='bbox 237 2928 516 3009; x_wconf 88' lang='grc' dir='ltr'>γυναικός·</span> <span class='ocrx_word' id='word_1_246' title='bbox 542 2928 682 3012; x_wconf 88' lang='grc' dir='ltr'>(ωτα</span> <span class='ocrx_word' id='word_1_247' title='bbox 712 2928 824 3011; x_wconf 74' lang='grc' dir='ltr'>γὰρ</span> <span class='ocrx_word' id='word_1_248' title='bbox 856 2927 1121 3009; x_wconf 80' lang='grc' dir='ltr'>τυγχάνει</span> <span class='ocrx_word' id='word_1_249' title='bbox 1147 2926 1492 3005; x_wconf 80' lang='grc' dir='ltr'>ανθρῶποισι</span> <span class='ocrx_word' id='word_1_250' title='bbox 1518 2926 1679 2988; x_wconf 79' lang='grc' dir='ltr'>ἐόντα</span> <span class='ocrx_word' id='word_1_251' title='bbox 1713 2925 1839 2987; x_wconf 79' lang='grc' dir='ltr'>άπι-</span> 
     </span>
     <span class='ocr_line' id='line_1_34' title="bbox 242 3014 1839 3097; baseline -0.001 -20"><span class='ocrx_word' id='word_1_252' title='bbox 242 3015 484 3094; x_wconf 88' lang='grc' dir='ltr'>στότερα</span> <span class='ocrx_word' id='word_1_253' title='bbox 505 3014 864 3097; x_wconf 64' lang='grc' dir='ltr'>ὀφθαλμῶν)</span> <span class='ocrx_word' id='word_1_254' title='bbox 882 3016 1036 3076; x_wconf 88' lang='grc' dir='ltr'>ποίεε</span> <span class='ocrx_word' id='word_1_255' title='bbox 1057 3014 1196 3079; x_wconf 83' lang='grc' dir='ltr'>ὅκως</span> <span class='ocrx_word' id='word_1_256' title='bbox 1217 3016 1427 3092; x_wconf 80' lang='grc' dir='ltr'>ἐκείνην</span> <span class='ocrx_word' id='word_1_257' title='bbox 1453 3014 1684 3092; x_wconf 87' lang='grc' dir='ltr'>θεήσεαι</span> <span class='ocrx_word' id='word_1_258' title='bbox 1700 3039 1839 3096; x_wconf 88' lang='grc' dir='ltr'>γυμ-</span> 
     </span>
     <span class='ocr_line' id='line_1_35' title="bbox 239 3103 1840 3185; baseline -0.003 -20"><span class='ocrx_word' id='word_1_259' title='bbox 239 3103 394 3181; x_wconf 81' lang='grc' dir='ltr'>νην·”</span> <span class='ocrx_word' id='word_1_260' title='bbox 445 3131 478 3165; x_wconf 94' lang='grc' dir='ltr'>ο</span> <span class='ocrx_word' id='word_1_261' title='bbox 527 3104 586 3165; x_wconf 80' lang='grc' dir='ltr'>δὲ</span> <span class='ocrx_word' id='word_1_262' title='bbox 631 3105 780 3185; x_wconf 88' lang='grc' dir='ltr'>μέγα</span> <span class='ocrx_word' id='word_1_263' title='bbox 826 3103 1104 3182; x_wconf 76' lang='grc' dir='ltr'>ἀμβώσας</span> <span class='ocrx_word' id='word_1_264' title='bbox 1151 3103 1291 3164; x_wconf 75' lang='grc' dir='ltr'>εἶπε·</span> <span class='ocrx_word' id='word_1_265' title='bbox 1338 3104 1669 3181; x_wconf 85' lang='grc' dir='ltr'>“Δέσποτα,</span> <span class='ocrx_word' id='word_1_266' title='bbox 1715 3104 1840 3163; x_wconf 89' lang='grc' dir='ltr'>τίνα</span> 
     </span>
     <span class='ocr_line' id='line_1_36' title="bbox 240 3188 1841 3275; baseline -0.002 -24"><span class='ocrx_word' id='word_1_267' title='bbox 240 3192 426 3272; x_wconf 85' lang='grc' dir='ltr'>λέγεις</span> <span class='ocrx_word' id='word_1_268' title='bbox 463 3191 641 3275; x_wconf 88' lang='grc' dir='ltr'>λόγον</span> <span class='ocrx_word' id='word_1_269' title='bbox 681 3191 782 3252; x_wconf 75' lang='grc' dir='ltr'>οὐκ</span> <span class='ocrx_word' id='word_1_270' title='bbox 821 3190 980 3273; x_wconf 79' lang='grc' dir='ltr'>ύγιέα</span> <span class='ocrx_word' id='word_1_271' title='bbox 1017 3190 1255 3252; x_wconf 83' lang='grc' dir='ltr'>κελεύων</span> <span class='ocrx_word' id='word_1_272' title='bbox 1292 3217 1366 3270; x_wconf 87' lang='grc' dir='ltr'>με</span> <span class='ocrx_word' id='word_1_273' title='bbox 1401 3192 1701 3252; x_wconf 85' lang='grc' dir='ltr'>δέσποιναν</span> <span class='ocrx_word' id='word_1_274' title='bbox 1736 3188 1841 3264; x_wconf 80' lang='grc' dir='ltr'>τήν</span> 
     </span>
     <span class='ocr_line' id='line_1_37' title="bbox 247 3274 1841 3359; baseline -0.003 -20"><span class='ocrx_word' id='word_1_275' title='bbox 247 3278 387 3354; x_wconf 75' lang='grc' dir='ltr'>ε’μήν</span> <span class='ocrx_word' id='word_1_276' title='bbox 421 3278 738 3357; x_wconf 89' lang='grc' dir='ltr'>θεήσασθαι</span> <span class='ocrx_word' id='word_1_277' title='bbox 771 3278 1023 3359; x_wconf 83' lang='grc' dir='ltr'>γυμνήν;</span> <span class='ocrx_word' id='word_1_278' title='bbox 1065 3277 1185 3357; x_wconf 80' lang='grc' dir='ltr'>ἅμα</span> <span class='ocrx_word' id='word_1_279' title='bbox 1220 3279 1281 3341; x_wconf 77' lang='grc' dir='ltr'>δὲ</span> <span class='ocrx_word' id='word_1_280' title='bbox 1316 3280 1502 3341; x_wconf 82' lang='grc' dir='ltr'>κιθωνι</span> <span class='ocrx_word' id='word_1_281' title='bbox 1536 3274 1841 3353; x_wconf 72' lang='grc' dir='ltr'>ἐκδυομένῳ</span> 
     </span>
    </p>
   </div>
  </div>
 </body>
</html>
