2267 3517
369 153 589 219 27-301
1005 154 1328 205 mnrnn.
1871 154 1964 203 121

366 232 525 295 ἆλλσὶ
560 232 807 296 τοσόνδε
818 235 925 308 μὲν
955 231 1105 293 ἄλλο
1137 232 1239 293 ’ἐπὶ
1274 231 1627 310 μακρότατον
1664 231 1967 311 ἐπυθόμην,

366 322 537 401 μέχρι
561 322 666 399 μὲν
688 320 1094 397 Ἐλεφαντίνης
1123 320 1326 384 πόλιος
1361 318 1641 395 αὐτόπτης
1677 321 1871 392 ε’λθων,
1895 347 1963 382 το

367 408 472 468 δ”
437 409 549 470 από
574 408 776 470 τούτου
796 408 938 487 ἅκοῇ
954 407 1101 483 ἤδηε
1084 408 1366 485 ιστορέων.
1433 405 1546 467 οἷπο
1565 405 1968 485 Ἐλεφαντίνης

365 495 628 559 πόλιος”
591 522 701 557 ανω
730 496 886 567 ἰόντι,
912 493 1140 559 ἄναντές
1166 500 1290 555 ε’στι
1316 495 1538 574 χωρίον·
1579 494 1754 574 ταύτῃ
1783 494 1857 556 ὧν
1883 497 1969 558 δεῖ

364 609 433 645 το
458 586 662 645 πλοῖον
689 582 1062 659 διαδήσαντας
1092 582 1505 661 ἀμφοτέρωθεν,
1533 581 1779 662 κατάπερ
1804 586 1967 660 βοῦν,

364 671 721 748 πορεύεσθαι·
788 670 859 747 ἢν
899 672 959 731 δὲ
1011 670 1326 752 α’πορραγῇ,
1380 671 1446 731 τό
1499 673 1703 732 πλοῖον
1756 673 1962 753 οἴχεται

366 759 676 839 φερόμενον
726 759 838 820 ὖπό
894 758 1089 839 ἰσχύος
1141 762 1244 820 τοῦ
1293 757 1446 837 ῥόου.
1526 758 1594 820 τό
1647 760 1709 820 δὲ
1757 761 1962 841 χωρίον

363 852 531 908 τοῦτο
581 849 706 909 ἔστι
760 848 853 908 ἐπὶ
893 848 1105 925 ἡμέρας
1152 847 1428 926 τέσσερας
1477 846 1674 912 πλόος·
1733 849 1967 915 σκολιᾶς

364 933 425 993 δὲ
474 936 665 1017 ταύτῃ,
724 934 969 1015 κατάπερ
1015 936 1049 995 ὁ
1090 936 1428 1013 Μαίανδρος,
1475 936 1598 997 ἔστι
1650 935 1683 996 ὅ
1732 940 1964 1003 Νεῖλος.

364 1027 587 1102 σχοῖνοι
626 1025 687 1085 δὲ
730 1024 972 1085 δυώδεκά
1013 1027 1125 1084 εἶσι
1170 1020 1340 1094 οὗτοι,
1382 1023 1513 1088 τούς
1555 1023 1641 1083 δεῖ
1673 1024 1848 1103 τούτῳ
1886 1030 1966 1105 τῷ

360 1110 550 1191 τρόπῳ
602 1112 965 1173 διεκπλῶσαι·
1022 1113 1115 1171 καὶ
1159 1112 1346 1171 ἔπειτα
1394 1111 1617 1181 ἀπίξεαι
1667 1116 1722 1175 ἐς
1772 1112 1964 1173 πεδίον

362 1199 535 1271 λεῖον,
577 1204 636 1260 ἐν
673 1204 751 1280 τῷ
788 1204 966 1277 νῆσον
1004 1202 1280 1278 περιρρέει
1321 1199 1353 1260 ὁ
1393 1204 1622 1263 Νεῖλος·
1671 1200 1962 1280 Ταχομψὼ

365 1285 577 1365 οὕνομα
602 1286 744 1367 αὐτῇ
772 1289 914 1348 ε’στί·
957 1290 1204 1349 οἰκέουσι
1234 1289 1294 1348 δὲ
1318 1288 1390 1347 ταῖ
1421 1286 1534 1348 α’πδ
1560 1287 1965 1365 Ἐλεφαντίνης

363 1372 477 1433 ἅνω
502 1376 765 1439 Αἰθίοπες
804 1374 929 1453 ἤδη,
972 1377 1065 1436 καὶ
1104 1379 1207 1453 τῆς
1245 1375 1424 1453 νήσου
1461 1402 1528 1437 το
1570 1374 1874 1453 ἥμισυ·τό
1901 1377 1962 1437 δὲ

361 1460 555 1536 ἥμισυ,
583 1462 899 1545 Αἰγύπτιοι.
980 1466 1166 1544 ἔχεται
1205 1464 1267 1523 δὲ
1304 1468 1406 1540 τῆς
1445 1463 1622 1540 νήσου
1660 1465 1833 1541 λίμνη
1863 1490 1959 1541 με-

359 1548 531 1629 γάλη,
571 1550 677 1627 τήν
715 1553 881 1629 πέριξ
918 1552 1154 1630 νομάδες
1195 1553 1461 1616 Αἰθίοπες
1498 1553 1775 1628 νέμονται·
1855 1552 1962 1628 τήν

360 1638 714 1705 διεκπλώσας
751 1647 806 1705 ἐς
838 1644 940 1703 τοῦ
972 1641 1190 1701 Νείλου
1229 1640 1296 1700 τό
1337 1641 1564 1717 ῥέεθρον
1602 1639 1767 1717 ἥξεις,
1793 1665 1860 1701 το
1902 1646 1960 1705 ἒς

356 1725 464 1802 τήν
488 1728 695 1806 λίμνην
718 1729 925 1805 ταύτην
953 1728 1174 1789 ἐκδιδοῖ·
1209 1728 1302 1787 καὶ
1327 1729 1516 1789 ἔπειτα
1543 1727 1785 1803 ἅποβοὶς,
1805 1729 1960 1805 παρὰ

357 1812 457 1875 τόν
480 1818 737 1892 ποταμόν
768 1817 1093 1893 ὁδοιπορίην
1117 1815 1386 1891 ποιήσεαι
1419 1810 1668 1893 ἡμερέων
1690 1816 1958 1895 τεσσερά-

359 1927 545 1963 κοντα·
587 1903 870 1965 σκόπελοί
887 1930 950 1965 τε
974 1903 1085 1984 γοῖρ
1115 1907 1175 1963 ἓν
1196 1906 1275 1982 τῷ
1299 1904 1490 1982 Νειλῳ
1517 1902 1666 1971 ὀξέες
1692 1901 1958 1982 α’νέχουσι

360 1990 451 2047 καὶ
491 1990 748 2070 χοιράδες
788 1992 1011 2052 πολλαί
1049 1994 1175 2061 εἶσι,
1221 1989 1288 2051 δι’
1334 1988 1409 2051 ὧν
1452 1990 1551 2050 οὖκ
1595 1988 1687 2049 οἶά
1726 1993 1793 2050 τέ
1831 1996 1956 2051 ε’στι

358 2077 569 2137 πλέειν·
612 2078 909 2148 διεξελθών
936 2077 997 2137 δὲ
1023 2083 1082 2139 ἐν
1106 2082 1244 2157 τῇσι
1273 2077 1689 2155 τεσσεράκοντα
1712 2077 1958 2155 η’μέρῃσι

358 2166 525 2222 τοῦτο
574 2164 643 2225 vd
688 2166 910 2244 χωρίον,
960 2164 1113 2230 αὖτις
1161 2172 1221 2230 ἐς
1271 2166 1458 2243 ἕτερον
1509 2168 1713 2226 πλοῖον
1756 2166 1954 2242 ἐμβὰς,

360 2249 599 2311 δυώδεκα
622 2251 833 2329 ἡμέρας
856 2253 1150 2316 πλεύσεαι·
1195 2255 1286 2314 καὶ
1313 2255 1502 2315 ἔπειτα
1527 2252 1676 2329 ἥξεις
1703 2257 1758 2317 ἐς
1785 2252 1956 2314 πόλιν

357 2338 629 2417 μεγάλην,
654 2342 727 2417 τῇ
756 2339 966 2418 οὔνομά
992 2345 1116 2401 ἐστι
1143 2340 1360 2419 Μερόη·
1403 2343 1629 2423 λέγεται
1655 2341 1714 2401 δὲ
1753 2338 1892 2418 αὕτη
1915 2340 1954 2417 ἤ

357 2424 525 2490 πόλις
552 2426 689 2487 εἶναι
714 2428 1064 2505 μητρόπολις
1089 2432 1202 2489 τῶν
1226 2429 1416 2490 ἄλλων
1443 2429 1743 2490 Αἰθιόπων.
1826 2433 1879 2490 οῖ
1905 2429 1954 2488 δ’

359 2516 419 2571 ἐν
441 2512 615 2593 ταύτῃ
644 2516 757 2575 Δία
784 2518 923 2577 θεῶν
958 2516 1050 2575 καὶ
1080 2515 1359 2577 Διόνυσον
1393 2516 1631 2595 μούνους
1665 2519 1954 2595 σέβονται,

356 2599 585 2665 τούτους
608 2628 672 2663 τε
696 2604 957 2685 μεγάλως
980 2608 1206 2682 τιμῶσι·
1250 2606 1346 2663 καί
1371 2612 1483 2681 σφι
1522 2606 1792 2683 μαντήϊον
1818 2605 1956 2670 Διός

358 2690 683 2767 κατέστηκε·
742 2692 1140 2771 στρατεύονται
1185 2690 1232 2751 δ’
1286 2691 1452 2753 ἐπεάν
1506 2699 1691 2769 σφεας
1741 2692 1774 2753 o‘
1829 2692 1952 2755 θεός

356 2774 521 2842 οὗτος
555 2779 755 2858 κελεύῃ
792 2780 883 2841 δισῖ
923 2778 1344 2857 θεσπισμάτων·
1401 2779 1507 2851 καὶ,
1535 2784 1608 2859 τῇ
1634 2778 1704 2841 ἂν
1739 2779 1953 2858 κελεύῃ,

357 2869 551 2926 ἐκεῖσε.
636 2866 782 2927 'An-<3
816 2869 877 2927 δὲ
909 2867 1112 2944 ταύτης
1146 2871 1248 2943 τῆς
1287 2868 1487 2931 πόλιος
1516 2869 1718 2938 πλέων,
1757 2873 1816 2929 ἐν
1851 2870 1954 2947 ἴσῳ
1973 2868 2051 2927 30

354 2953 537 3034 χρόνῳ
564 2953 725 3036 ἄλλῳ
765 2955 915 3032 ἥξεις
950 2961 1005 3021 ἐς
1044 2955 1173 3019 τούς
1201 2955 1579 3033 Αὕτομόλους,
1609 2961 1667 3016 ἐν
1703 2954 1819 3033 ὅσῳ
1849 2980 1954 3029 περ

356 3042 420 3112 ἐξ
440 3041 846 3121 Ἐλεφαντίνης
864 3042 1083 3120 ἣλθες’
1058 3070 1113 3107 ες
1137 3070 1242 3119 την
1267 3041 1618 3121 μητρόπολιν
1642 3041 1746 3115 τήν
1765 3038 1953 3097 Αἰθιό-

353 3156 490 3192 πων.
572 3135 727 3193 τοῖσι
762 3131 823 3191 δὲ
865 3130 1254 3209 Αυτομόλοισι
1293 3130 1545 3190 τούτοισι
1585 3124 1793 3199 ουνομά
1833 3127 1956 3182 ε’στι

353 3216 607 3301 Ασμάχ·
650 3220 878 3283 δύναται
906 3220 965 3279 δὲ
989 3224 1156 3279 τοῦτο
1180 3218 1247 3280 τό
1283 3220 1413 3279 ἔπος
1455 3213 1594 3274 κατὰ
1618 3211 1723 3285 τήν
1746 3208 1952 3283 Ελλή-

352 3332 459 3371 νων
494 3313 775 3389 γλῶσσαν
806 3310 863 3369 οἱ
898 3306 961 3373 ἐξ
996 3305 1298 3385 οἷριστερῆς
1329 3300 1518 3382 χειρός
1550 3294 1954 3373 παριστάμενοι
