2267 3517
302 104 402 152 268
909 111 923 130 ‘
933 108 1282 157 ΗΡΟΔΟΤΟΤ
1772 105 1905 170 [HI.

299 182 406 258 τήν
431 183 695 246 Μίλωνος
721 184 997 265 θυγατέρα
1025 185 1363 262 Δημοκήδης
1386 186 1642 266 γυναῖκα·
1670 187 1772 245 τοῦ
1796 185 1911 265 γοῖρ

302 268 372 344 δὴ
424 271 750 330 παλαιστέω
803 272 1067 336 Μίλωνος
1117 271 1189 349 ἦν
1232 271 1443 348 οὕνομα
1488 271 1711 331 πολλόν
1756 273 1913 349 παρὰ

303 358 564 432 βασιλέϊ·
621 357 762 416 κατὰ
809 358 878 433 δή
923 358 1090 421 τοῦτό
1143 385 1243 436 μοι
1288 360 1467 419 δοκέει
1519 362 1771 419 σπεῦσαι
1808 361 1913 420 τόν

303 443 488 522 γάμον
511 449 711 505 τοῦτον
736 447 974 509 τελέσας
1005 446 1271 525 χρήματα
1303 447 1529 526 μεγάλα
1556 447 1911 522 Δημοκήδης,

310 532 399 591 ἵνα
439 537 592 611 φανῇ
622 533 762 610 πρὸς
794 536 1032 611 Δαρείου
1065 535 1169 594 ἐῶν
1202 535 1292 593 καὶ
1326 539 1385 594 ἐν
1416 537 1489 613 τῇ
1529 537 1733 594 ἑωυτοῦ
1766 534 1914 594 δόκι-

217 621 330 678 138
351 646 475 697 μος.
555 619 918 701 Ἀναχθέντες
947 623 1008 682 δὲ
1039 626 1100 682 ἐκ
1129 627 1233 698 τῆς
1264 621 1561 704 Κρότωνος
1593 625 1649 681 οἱ
1688 622 1916 699 Πέρσαι

309 708 640 768 ἐκπίπτουσι
665 714 802 788 τῇσι
827 711 994 785 νηυσὶ
1021 714 1077 772 ἐς
1108 708 1417 790 Ἰηπυγίην·
1461 710 1558 769 καί
1580 716 1764 785 σφεας
1790 709 1917 769 δου-

309 795 572 860 λεύοντας
619 798 854 857 ἐνθαῦτα
895 795 1108 861 Γίλλος
1154 797 1298 874 οἷνήρ
1346 800 1684 874 Ταραντῖνος
1730 797 1919 879 φυγὰς

315 883 643 962 ῥυσάμενος,
685 884 944 967 ἀπήγαγε
981 884 1138 962 παρὰ
1176 886 1439 959 βασιλέα
1481 888 1741 961 Δαρεῖον·
1782 883 1816 944 ὁ
1846 884 1917 967 ’δὲ

311 971 435 1031 αντὶ
469 971 680 1032 τούτων
712 976 931 1049 ἑτοῖμος
960 971 1031 1048 ἦν
1066 971 1276 1033 διδόναι
1306 977 1473 1032 τοῦτο
1499 970 1534 1032 ὅ
1558 997 1615 1031 τι
1638 971 1917 1048 βούλοιτο

312 1058 496 1124 αύτός·
551 1061 766 1124 Γίλλος
799 1060 861 1119 δὲ
895 1061 1137 1138 αἱρέεται
1180 1059 1415 1120 κάτοδόν
1462 1062 1517 1120 οἱ
1557 1064 1614 1123 ἐς
1656 1059 1916 1137 Τάραντα

309 1148 588 1227 γενέσθαι,
627 1147 1176 1230 προαπηγησάμενος
1213 1173 1320 1223 την
1358 1146 1683 1258 συμφορήν·
1726 1147 1816 1207 ἵνα
1852 1147 1915 1206 δὲ

309 1235 390 1310 μή
435 1235 752 1315 συνταράξῃ
791 1236 897 1311 τὴν
933 1236 1205 1306 Ελλάδα,
1252 1234 1322 1311 ἢν
1369 1234 1439 1295 δι’
1486 1235 1655 1295 αύτόν
1704 1235 1916 1299 στόλος

311 1323 487 1402 μέγας
512 1325 712 1402 πλέῃ’
687 1325 779 1383 επὶ
804 1349 909 1399 την
933 1323 1199 1399 Ἰταλίην,
1229 1323 1490 1386 Κνιδίους
1514 1324 1751 1400 μούνους
1775 1322 1915 1383 οἷπο-

311 1415 458 1488 χρᾶν
491 1415 546 1470 οἱ
578 1413 687 1486 ἔφη
717 1437 848 1474 τους
879 1411 1221 1492 κατάγοντας
1250 1412 1527 1493 γίνεσθαι,
1562 1411 1764 1470 δοκέων
1798 1406 1914 1471 α’,πο

312 1495 520 1557 τούτων
545 1498 744 1557 ἐόντων
767 1501 922 1558 τοῖσι
947 1500 1338 1574 Ταραντίνοισι
1360 1500 1545 1575 φίλων
1559 1497 1816 1574 μάλιστα
1841 1498 1914 1575 δή

313 1583 415 1659 τὴν
450 1583 682 1648 κάτοδόν
714 1587 768 1644 οἳ
800 1586 1051 1645 ἔσεσθαι.
1129 1589 1366 1662 Δαρεῖος
1408 1586 1468 1644 δὲ
1508 1585 1916 1663 ὑποδεξάμενος

271 1713 276 1717 -
316 1673 586 1731 ἐπετέλεε·
627 1673 855 1760 πέμψας
891 1671 1002 1754 γὰρ
1035 1671 1282 1756 ἄγγελον
1319 1679 1375 1737 ἐς
1407 1675 1615 1734 Κνίδον
1656 1674 1917 1754 κατάγειν

315 1761 510 1836 σφέας,
541 1762 760 1820 ἐκέλευε
799 1761 1015 1821 Γίλλον
1056 1766 1112 1826 ἐς
1153 1761 1430 1839 Τάραντα·
1486 1762 1809 1840 πειθόμενοι
1854 1763 1918 1823 δὲ

315 1850 532 1929 Δαρείῳ
560 1849 779 1910 Κνίδιοι
803 1849 1177 1926 Ταραντίνους
1200 1849 1299 1909 οὐκ
1328 1849 1401 1910 ὧν
1427 1851 1663 1921 ἔπειθον,
1692 1851 1829 1926 βίην
1854 1850 1917 1910 δὲ

318 1935 575 1998 ἀδύνατοι
614 1937 766 2014 ἦσαν
808 1939 1176 2015 προσφέρειν.
1254 1942 1433 1999 ταῦτα
1482 1939 1587 2014 μέν
1637 1965 1734 1998 νυν
1774 1937 1919 1998 οὕτω

316 2026 588 2105 ἐπρήχθη·
644 2024 800 2086 οὗτοι
842 2026 902 2085 δὲ
943 2031 1154 2103 πρῶτοι
1197 2031 1259 2085 ἐκ
1310 2031 1411 2102 τῆς
1460 2025 1661 2102 Ἀσίης
1714 2030 1771 2089 ἐς
1812 2026 1917 2102 τὴν

313 2113 568 2174 Ἑλλάδα
608 2114 874 2175 οἷπίκοντο
919 2115 1161 2190 Πέρσαι,
1206 2115 1298 2173 καὶ
1352 2112 1505 2174 οὗτοι
1559 2114 1651 2174 διὰ
1695 2113 1917 2176 τοιόνδε

311 2207 554 2284 -πρῆγμα
593 2203 942 2262 κατάσκοποι
979 2203 1253 2282 ἐγένοντο.

227 2293 337 2350 139
423 2290 586 2349 Μετοὶ
623 2290 684 2348 δὲ
713 2293 906 2359 ταῦτα,
940 2289 1134 2365 Σάμον
1167 2289 1448 2364 βασιλεύς
1484 2292 1720 2366 Δαρεῖος
1745 2289 1915 2368 αἱρέει

315 2379 527 2437 πολίων
556 2377 782 2437 πασέων
820 2375 1046 2454 πρώτην
1076 2376 1423 2451 Ἑλληνίδων
1455 2376 1547 2435 καὶ
1583 2378 1914 2454 βαρβάρων,

315 2465 406 2525 διὰ
431 2464 648 2540 τοιήνδε
672 2465 796 2523 τινὰ
823 2465 1020 2539 αἰτίην·
1055 2463 1387 2540 Καμβύσεω
1411 2468 1512 2525 τοῦ
1534 2464 1726 2540 Κύρου
1744 2491 1915 2543 στρα-

313 2553 608 2630 τευομένου
662 2551 746 2611 ἐπ’
791 2553 1092 2632 Αἴγυπτον,
1138 2551 1309 2612 ἄλλοι
1349 2577 1413 2612 τε
1457 2553 1661 2630 συχνοὶ
1708 2558 1765 2618 ἐς
1810 2553 1916 2628 τήν

313 2641 598 2721 Αἴγυπτον
633 2638 898 2700 ἀπίκοντο
919 2637 1238 2721 ΔἙλλήνων,
1266 2642 1319 2698 οἱ
1354 2643 1474 2716 μὲν,
1504 2640 1574 2703 ὥς
1601 2640 1766 2710 οἰκὸς,
1796 2648 1915 2700 κατ’

317 2729 602 2806 ἐμπορίην,
632 2730 686 2788 οἱ
717 2727 778 2787 δὲ
813 2726 1261 2805 στρατευόμενοι,
1290 2731 1345 2786 οἶ
1371 2726 1435 2786 δέ
1456 2753 1599 2792 τινες
1627 2725 1719 2786 καὶ
1745 2727 1916 2804 αύτῆς

313 2822 415 2894 τῆς
453 2816 638 2896 χώρης
678 2816 886 2891 θεηταὶ,
927 2819 1038 2876 τῶν
1073 2814 1145 2891 ἦν
1182 2816 1273 2874 καὶ
1315 2816 1587 2879 Συλοσῶν
1612 2815 1646 2876 ό
1683 2816 1917 2880 Αἰάκεος

315 2903 709 2983 Πολυκράτεός
733 2928 795 2963 τε
822 2903 924 2962 ἐῶν
943 2903 1219 2978 ἀδελφεός
1246 2904 1337 2962 καὶ
1365 2903 1585 2985 φεύγων
1611 2909 1672 2962 ἐκ
1700 2903 1913 2980 Σάμου.

314 2999 514 3055 τοῦτον
537 2993 636 3053 τόν
663 2993 1008 3056 Συλοσῶντα
1035 2991 1320 3067 κατέλαβε
1349 2990 1574 3069 εύτυχίη
1599 3017 1683 3054 τις
1708 2990 1914 3067 τοιήδε·

315 3083 516 3158 λαβὼν
539 3079 780 3159 χλανίδα
817 3078 909 3137 καὶ
945 3077 1397 3155 περιβαλόμενος
1430 3078 1648 3156 πυρρήν
1672 3077 1917 3158 ἠγόραζε

323 3173 381 3227 ἐν
413 3173 486 3246 τῇ
521 3169 746 3244 Μέμφι·
789 3165 915 3226 ἰδών
940 3165 1001 3223 δὲ
1038 3163 1209 3225 αύτόν
1234 3169 1487 3243 Δαρεῖος,
1515 3166 1824 3242 δορυφόρος
1851 3191 1917 3224 τε

317 3255 420 3313 ἐῶν
450 3254 780 3330 Καμβύσεω
814 3254 906 3312 καὶ
937 3250 1115 3331 λόγου
1143 3251 1361 3315 οὐδενός
1388 3278 1465 3311 κω
1488 3251 1762 3327 μεγάλου,
1793 3257 1915 3311 ἐπε-
