2267 3517
357 132 576 196 78—81]
1061 132 1284 181 nmo.
1904 135 1965 181 39

359 212 457 273 ἐπ’
492 212 692 282 ἵππων,
732 210 974 289 δούρατά
1011 237 1074 272 τε
1115 211 1353 287 ἐφόρεον
1390 210 1633 293 μεγάλα,
1676 213 1769 271 καὶ
1808 210 1968 271 αὐτοὶ

363 300 513 376 ἦσαν
550 298 882 359 ἱππεύεσθαι
914 297 1137 380 ἀγαθοί.
1219 298 1313 363 Ἐς
1346 300 1413 360 vd
1450 296 1641 359 πεδίον
1678 300 1737 359 δὲ
1768 304 1965 359 συνελ-
1986 302 2061 359 80

363 389 573 449 θόντων
589 391 756 447 τοῦτο
779 386 846 447 τό
874 387 984 463 πρδ
1013 391 1114 446 τοῦ
1133 385 1337 450 ἅστεός
1364 392 1488 447 ἐστι
1512 390 1614 447 τοῦ
1640 387 1965 463 Σαρδιηνοῦ,

366 476 458 535 ε’ὁν
475 477 624 556 μέγα
647 500 710 535 τε
739 476 830 533 καὶ
856 474 1044 551 ψιλόν,
1067 474 1183 554 (διαὶ
1208 474 1267 533 δὲ
1292 473 1461 534 αὐτοῦ
1482 475 1727 552 ποταμοὶ
1752 476 1970 552 ῥέοντες

366 565 458 622 καὶ
494 562 666 624 ἄλλοι
706 562 798 621 καὶ
826 561 1044 625 ’Υλλος
1075 566 1425 642 συρρηγνῦσι
1460 567 1517 626 ἐς
1546 562 1647 622 τὸν
1678 562 1966 642 μέγιστον,

367 650 704 727 καλεόμενον
749 650 810 710 δὲ
842 648 1074 727 Ἕρμον,
1120 649 1183 713 ὃς
1224 651 1287 719 ἐξ
1330 649 1519 726 οὔρεος
1566 652 1688 727 ἱροῦ
1736 649 1968 726 Μητρὸς

368 738 716 815 Δινδυμήνης
733 738 870 815 ῥέων
897 736 1100 797 ἐκδιδοῖ
1125 742 1179 801 ἐς
1206 737 1511 797 θάλασσαν
1538 737 1677 797 κατὰ
1714 738 1967 814 Φωκαίην

366 827 578 906 πόλιν,>
619 826 853 887 ἐνθαῦτα
897 824 930 885 ὅ
980 829 1168 903 Κῦρος
1208 824 1280 888 (εἷς
1328 825 1437 885 εἶδε
1482 826 1611 889 τούς
1655 824 1873 887 Λυδοῦς
1913 830 1970 888 ἐς

366 913 556 993 μα’χην
589 913 993 991 τασσομένους,
1023 912 1453 999 καταρρωδήσας
1484 913 1587 988 τήν
1620 912 1794 973 ἵππον
1822 912 1965 972 ἐποί·

369 1028 492 1076 ησε,
527 1002 816 1083 Ἀρπάγου
855 1000 1201 1077 ὑποθεμένου
1242 999 1440 1077 α’νδρὸς
1480 999 1698 1076 Μήδου,
1738 999 1968 1060 τοιόνδε·

370 1088 504 1149 ὅσαι
527 1093 604 1168 τῷ
637 1092 860 1167 στρατῷ
889 1092 967 1167 τῷ
991 1091 1193 1147 ἑωυτοῦ
1228 1088 1426 1147 ἕποντο
1460 1086 1761 1163 σιτοφόροι
1785 1112 1847 1147 τε
1880 1087 1973 1144 καὶ

371 1177 710 1253 σκευοφόροι
737 1175 996 1252 κάμηλοι,
1024 1174 1228 1238 ταύτας
1258 1174 1449 1238 πάσας
1480 1173 1687 1237 ἁλίσας
1722 1174 1813 1232 καὶ
1840 1172 1971 1233 α’πε-

371 1264 488 1324 λών
526 1264 601 1324 τοὶ
643 1262 838 1342 ἄχθεα,
879 1261 1080 1341 ἄνδρας
1126 1262 1211 1323 ἐπ’
1252 1260 1422 1327 αὐτοῖς
1460 1261 1711 1339 ἀνέβησε
1760 1262 1969 1321 ἱππάδα

373 1351 591 1427 στολὴν
623 1352 1075 1428 ἐνεσταλμένους·
1117 1349 1401 1413 σκευάσας
1436 1350 1496 1409 δὲ
1527 1349 1741 1419 αὐτοῦς,
1768 1350 1971 1426 προσέ-

371 1440 505 1509 ταξε
527 1444 627 1515 τῆς
653 1439 834 1515 ἄλλης
860 1443 1128 1515 στρατιῆς
1152 1440 1405 1517 προϊέναι
1428 1436 1571 1516 πρὸς
1592 1437 1697 1513 τὴν
1718 1438 1973 1516 Κροίσου

375 1527 559 1599 ἵππον,
600 1531 672 1607 τῇ
720 1527 780 1587 δὲ
820 1527 1054 1606 καμήλῳ
1095 1527 1331 1587 ἕπεσθαι
1375 1526 1473 1588 τόν
1511 1524 1681 1597 πεζόν
1728 1526 1974 1601 στρατὸν

373 1617 608 1677 ἐκέλευε·
655 1614 862 1675 ὄπισθε
903 1615 962 1673 δὲ
1005 1619 1106 1675 τοῦ
1146 1616 1315 1686 πεζοῦ
1364 1614 1594 1683 ἐπέταξε
1639 1612 1743 1689 τήν
1781 1617 1975 1672 πᾶσαν

375 1705 562 1765 ἵππον.
647 1702 718 1767 ὥς
745 1704 807 1761 δέ
831 1705 886 1762 οἱ
909 1702 1110 1766 πάντες
1138 1701 1507 1781 διετετάχατο,
1534 1700 1840 1778 παραίνεσε
1863 1704 1974 1760 τῶν

369 1794 473 1869 μὲν
496 1790 688 1851 ἄλλων
713 1791 908 1851 Λυδῶν
933 1790 1014 1868 μὴ
1036 1790 1395 1867 φειδομένους
1420 1789 1648 1849 κτείνειν
1668 1787 1851 1849 πάντα
1874 1786 1976 1848 τὸν

371 1879 628 1957 ἐμποδῶν
661 1879 972 1961 γινόμενον,
1010 1882 1266 1955 Κροῖσον
1301 1878 1362 1937 δὲ
1403 1876 1570 1938 αὕτόν
1608 1876 1689 1952 μή
1726 1875 1972 1945 κτείνειν,

368 1969 512 2045 μηδὲ
561 1966 634 2043 ἢν
680 1965 1231 2043 συλλαμβανόμενος
1276 1964 1565 2042 ἀμύνηται.
1649 1966 1826 2023 ταῦτα
1870 1965 1976 2037 μὲν

371 2056 696 2131 παραίνεσε.
775 2054 877 2117 τὰς
907 2054 966 2112 δὲ
993 2051 1280 2131 καμήλους
1306 2052 1461 2120 ἔταξε
1490 2050 1649 2110 οἷντία
1674 2053 1773 2124 τῆς
1802 2049 1975 2107 ἵππου

374 2142 546 2202 τῶνδε
597 2142 816 2201 εἵνεκεν·
871 2140 1126 2217 κάμηλον
1180 2141 1349 2202 ἵππος
1397 2138 1687 2214 φοβέεται,
1736 2135 1827 2193 καὶ
1874 2134 1975 2194 οὔκ

375 2228 634 2307 ἀνέχεται
660 2226 786 2287 οὕτε
815 2227 920 2303 τὴν
946 2229 1092 2304 ἰδέην
1119 2226 1289 2304 αὐτῆς
1314 2227 1485 2304 ὁρέων
1512 2224 1639 2285 οὔτε
1669 2223 1773 2299 τὴν
1799 2221 1978 2299 ὀδμὴν

375 2315 841 2393 ὀσφραινόμενος·
883 2314 1050 2375 αὐτοῦ
1087 2316 1156 2391 δὴ
1196 2314 1270 2374 ὧν
1304 2314 1505 2375 τούτου
1543 2313 1743 2373 εἵνεκεν
1780 2312 1976 2372 ἐσεσό-

375 2412 572 2482 φιστο,
603 2404 692 2463 ἵνα
714 2408 792 2483 τῷ
817 2405 1050 2483 Κροίσῳ
1072 2403 1361 2482 ἄχρηστον
1384 2401 1425 2482 ᾗ
1448 2401 1516 2463 τὸ
1547 2400 1790 2470 ἶππικὸν,
1812 2404 1889 2479 τῷ
1910 2400 1979 2476 δή

374 2519 432 2554 τι
458 2492 551 2551 καὶ
577 2496 764 2571 ἐπεῖχε
791 2491 1187 2569 ἐλλάμψεσθαι
1215 2490 1247 2551 ὁ
1274 2490 1472 2554 Λυδός.
1556 2489 1625 2553 ὥς
1652 2490 1711 2549 δὲ
1737 2488 1830 2547 καὶ
1852 2513 1982 2547 συν-

374 2580 553 2659 ῄεσαν
584 2586 640 2644 ἐς
665 2579 772 2655 τήν
801 2579 1007 2658 μάχην,
1038 2580 1275 2639 ἐνθαῦτα
1311 2578 1382 2642 ὦς
1414 2577 1706 2655 ὅσφραντο
1738 2574 1984 2655 τάχιστα

376 2673 487 2729 τῶν
527 2668 792 2744 καμήλων
833 2671 888 2727 οἱ
929 2668 1090 2727 ἵπποι
1122 2666 1215 2725 καὶ
1250 2666 1394 2726 εἶδον
1426 2665 1611 2735 αὐτὰς,
1642 2664 1825 2725 ὀπίσω
1857 2662 1977 2722 ἀνέ-

379 2762 648 2832 στρεφον,
665 2755 970 2833 διέφθαρτό
990 2781 1052 2815 τε
1070 2758 1148 2833 τῷ
1168 2754 1399 2833 Κροίσῳ
1416 2754 1455 2830 ἦ
1476 2754 1653 2817 ἐλπίς.
1710 2751 1774 2811 οὖ
1791 2752 1983 2827 μέντοι

380 2844 441 2904 οἵ
462 2870 528 2923 γε
548 2843 722 2903 Λυδοὶ
746 2843 812 2903 vd
835 2846 1084 2905 ἐνθεῦτεν
1105 2844 1281 2901 δειλοὶ
1306 2842 1474 2918 ἦσαν·
1507 2840 1657 2911 ἄλλ’,
1681 2840 1751 2904 ὥς
1778 2840 1985 2915 ἔμαθον

378 2930 446 2991 τὰ
465 2928 771 3011 γινόμενον,
789 2931 1162 3007 ἀποθορόντες
1188 2928 1299 2990 <ivd
1321 2934 1431 2990 τῶν
1454 2930 1633 2989 ἵππων
1649 2928 1807 2999 πεζοὶ
1832 2930 1987 2986 τοῖσι

381 3021 650 3097 Πέρσῃσι
690 3020 1065 3094 συνέβαλλον.
1151 3018 1333 3097 χρόνῳ
1374 3019 1449 3087 δὲ,
1483 3015 1770 3077 πεσόντων
1802 3014 1988 3089 ἀμφο-

381 3108 552 3185 τέρων
584 3110 830 3175 πολλῶν,
857 3106 1162 3183 ἐτράποντο
1195 3108 1249 3165 οἱ
1281 3106 1453 3165 Λυδοὶ
1482 3101 1893 3177 κατειληθέντες
1927 3100 1988 3159 δὲ

381 3200 438 3259 ἐς
462 3194 529 3255 τό
553 3198 740 3274 τεῖχος
767 3194 1194 3272 ἐπολιορκέοντο
1220 3191 1331 3251 §ard
1359 3196 1468 3251 τῶν
1496 3188 1785 3266 Περσέων.

460 3286 628 3343 Τοῖσι
652 3284 756 3358 μὲν
781 3280 852 3357 δὴ
879 3278 1216 3356 κατεστήκεε
1241 3277 1559 3355 πολιορκίη.
1642 3270 1896 3348 Κροῖσος
1926 3269 1985 3330 δὲ
2004 3270 2074 3327 8]

2126 3375 2221 3419 Δ
