2267 3517
286 119 350 171 70
899 116 1273 166 ἭΡοΔοΤοΤ
1812 116 1883 181 [1.

285 175 498 275 μηδένα
537 193 808 271 φονεύειν,
835 194 979 271 μήτε
1009 198 1122 254 τῶν
1156 192 1348 254 ἄλλων
1380 193 1648 271 Περσέων
1681 193 1893 271 μηδένα

287 288 397 345 τῶν
424 286 624 341 ἑωυτοῦ
662 283 912 341 οἰκετέων
938 282 1030 341 ε’πὶ
1060 285 1164 360 μιῇ
1200 282 1347 359 αἰτίῃ
1379 280 1689 356 ἀνήκεστον
1712 280 1893 345 πάθος

290 372 483 447 ἔρδειν·
539 369 693 430 οἷλλοὶ
729 369 1105 449 λογισάμενος
1146 366 1214 445 ἢν
1254 368 1481 447 εὑρίσκῃ
1516 369 1671 427 πλέω
1701 394 1766 428 τε
1800 370 1893 429 καὶ

285 460 432 535 μέζω
467 458 540 518 τοὶ
576 456 891 535 ἀδικήματα
931 458 1092 517 ἐόντα
1125 462 1237 517 τῶν
1260 456 1720 537 ὑπουργημάτων,
1752 456 1891 533 οὕτω

286 552 364 625 τῷ
399 547 552 625 θυμῷ
581 549 804 623 χρᾶται.
873 544 1195 605 ἀποκτεῖναι
1231 546 1291 605 δὲ
1330 544 1525 605 οὐδένα
1552 570 1628 603 κω
1654 545 1891 625 λέγουσι

286 635 386 695 τὸν
428 638 626 693 ἑωυτοῦ
668 634 882 710 πατέρα
922 632 1048 692 οὑδὲ
1091 634 1325 711 μητέρα·
1378 631 1533 691 ἀλλὰ
1570 631 1751 691 ὁκόσα
1782 632 1890 709 ἤδη

236 785 240 789 ,
288 726 517 803 τοιαῦτα
555 720 786 802 ἐγένετο,
813 724 1008 780 πᾶσαν
1033 719 1280 803 οἷνοῖγκην
1307 719 1456 796 φασὶ
1482 718 1891 797 α’ναζητεόμενα

285 810 476 869 ταῦτα’
501 807 858 885 ἀνευρεθῆναι
896 807 1023 884 ἤτοι
1063 807 1459 885 ὑποβολιμαῖα
1500 807 1661 868 ε’όντα
1699 806 1737 884 ἢ
1768 833 1890 884 μοι·

285 898 457 976 χίδια·
501 896 565 956 οὗ
601 896 712 977 γοῖρ
753 896 821 973 δὴ
860 897 1010 973 φασὶ
1044 896 1192 960 οἰκός
1234 896 1373 955 εἶναι
1406 894 1507 956 τόν
1535 921 1602 977 γε
1640 895 1890 972 ἀληθέως

197 988 310 1045 138
326 986 491 1046 τοκέα
514 982 624 1044 ὑπό
649 987 750 1043 τοῦ
778 988 978 1045 ἑωυτοῦ
1013 984 1211 1048 παιδός
1238 982 1632 1059 ἀποθνήσκειν.
1689 984 1899 1055 ‘'Ao-ou„

287 1074 350 1131 δέ
379 1080 492 1151 σφι
526 1072 734 1132 ποιέειν
761 1072 861 1132 οὑκ
889 1073 1088 1143 ἔξεστι,
1116 1076 1295 1133 ταῦτα
1321 1072 1445 1131 οὐδὲ
1471 1073 1660 1152 λέγειν
1686 1073 1886 1142 ἔξεστι.

247 1160 252 1165 ’
287 1162 590 1239 αἴσχιστον
617 1160 676 1220 δὲ
707 1160 929 1221 αὑτοῖσι
954 1160 1020 1221 τό
1047 1160 1357 1239 ψεύδεσθαι
1389 1159 1730 1237 νενόμισται·
1774 1161 1889 1220 δεύ-

283 1275 417 1325 τερα
448 1249 507 1307 δὲ
545 1247 612 1307 τό
654 1248 907 1323 ὀφείλειν
947 1249 1130 1327 χρέος,
1165 1251 1397 1307 πολλῶν
1422 1250 1527 1323 μὲν
1564 1248 1657 1305 καὶ
1694 1246 1886 1309 ἄλλων

287 1337 482 1404 εἵνεκα,
509 1334 765 1412 μάλιστα
805 1336 864 1394 δὲ
905 1335 1210 1417 ἀναγκαίην
1252 1335 1401 1411 φασὶ
1434 1335 1570 1395 εἶναι
1600 1334 1699 1395 τόν
1735 1336 1887 1412 ὀφεί-

284 1426 460 1482 λοντα
501 1424 598 1481 καί
630 1449 687 1482 τι
727 1424 1181 1506 ψεῦδοςλέγειν..
1255 1422 1317 1486 ὃς
1355 1421 1423 1483 ἂν
1464 1423 1524 1482 δὲ
1561 1428 1671 1483 τῶν
1702 1423 1889 1483 ἀστῶν

285 1512 498 1588 λέπρην
533 1509 570 1586 ἦ
602 1510 807 1587 λεύκην
833 1514 948 1592 ἔχῃ,
977 1518 1032 1576 ἐς
1055 1512 1227 1573 πόλιν
1262 1510 1422 1576 οὗτος
1448 1512 1513 1570 οὑ
1542 1512 1883 1592 κατέρχεται,

287 1598 412 1658 οὐδὲ
452 1600 833 1681 συμμίσγεται
868 1604 1022 1661 τοῖσι
1048 1598 1284 1661 ἄλλοισι
1309 1600 1596 1678 Πέρσῃσι·
1640 1601 1789 1676 φασὶ
1828 1601 1892 1660 δέ

285 1712 383 1763 μιν
411 1691 465 1749 ἔς
487 1686 587 1746 τᾶν
612 1686 776 1763 ἥλιον
796 1687 1116 1766 ἁμαρτόντα
1139 1714 1196 1749 τι
1221 1692 1398 1749 ταῦτα
1428 1689 1590 1767 ἔχειν·
1634 1688 1811 1758 ξεῖνον
1828 1688 1889 1748 δὲ

284 1773 466 1833 πάντα
509 1773 610 1834 τᾶν
655 1776 1092 1853 λαμβανόμενον
1133 1775 1245 1836 ὑπὸ
1290 1776 1499 1836 τούτων
1541 1777 1752 1835 πολλοὶ
1796 1778 1888 1835 καὶ

285 1860 583 1921 ἐλαύνουσι
621 1868 680 1922 ἐκ
711 1868 812 1939 τῆς
836 1864 1035 1943 χώρης,
1064 1866 1158 1924 καὶ
1183 1865 1283 1927 τοῖς
1308 1863 1510 1927 λευκσῖς
1535 1863 1884 1941 περιστερᾶς,

283 1948 388 2024 τήν
423 1949 596 2027 αὐτὴν
633 1952 813 2029 αἰτίην
847 1954 1221 2031 ἐπιφέροντες.
1292 1957 1347 2016 ἐς
1385 1950 1639 2028 ποταμόν
1671 1951 1732 2010 δὲ
1762 1950 1887 2012 οὔτε

283 2039 599 2115 ἐνουρέουσι
631 2038 757 2100 οὔτε
789 2040 1114 2117 ἐμπτύουσι,
1146 2040 1209 2101 οὗ
1234 2045 1426 2121 χεῖρας
1458 2040 1884 2111 ἐναπονίζονται,

283 2125 409 2185 οὑδὲ
435 2125 618 2187 ἄλλον
643 2127 838 2188 οὐδένα
863 2130 1210 2208 περιορέωσι,
1239 2127 1395 2186 ἀλλὰ
1420 2128 1693 2203 σέβονται
1718 2154 1887 2187 ποτα-

189 2216 301 2274 139
323 2215 464 2291 μοὺς
509 2215 783 2292 μάλιστα.
821 2278 841 2291 ,
867 2218 984 2275 Καὶ
1021 2217 1150 2276 τόδε
1190 2216 1340 2274 ἄλλο
1382 2221 1495 2289 σφι
1536 2212 1639 2273 ὦδε
1674 2216 1887 2291 συμπέ-

283 2326 467 2361 πτωκε
489 2304 765 2382 γίνεσθαι,
793 2302 860 2362 τό
888 2305 1119 2381 Πέρσας
1144 2305 1247 2379 μὲν
1264 2302 1463 2365 αὖτοὺς
1490 2303 1700 2379 λέληθε
1712 2302 1888 2379 ἡμέας

279 2389 474 2466 μέντοι
511 2387 595 2447 οὕ·
638 2388 710 2449 ταῖ
749 2389 1030 2467 οὐνόματά
1057 2398 1187 2467 σφι,
1218 2389 1378 2449 ἐόντα
1406 2389 1574 2466 ὁμοῖα
1598 2394 1752 2450 τοῖσι
1778 2391 1887 2450 σῶ-

280 2501 427 2551 μασι
471 2477 564 2535 καὶ
604 2480 677 2555 τῇ
726 2480 1199 2558 μεγαλοπρεπείῃ,
1244 2480 1549 2537 τελευτῶσι
1602 2478 1785 2539 πάντα
1832 2484 1887 2543 ἐς

281 2563 457 2624 τῶυτὸ
496 2564 749 2646 γράμμα,
775 2565 842 2625 ro*
870 2567 1107 2643 Δωριέες
1139 2568 1244 2643 μὲν
1272 2563 1391 2629 Σσῖν
1417 2564 1686 2624 καλέουσι
1701 2564 1887 2630 Ἴωνες

279 2650 341 2709 δὲ
381 2652 586 2732 Σίγμα·
638 2658 693 2716 ἐς
727 2657 893 2713 τοῦτο
935 2654 1223 2732 διζήμενος
1260 2651 1512 2729 εὑρήσεις
1543 2657 1888 2713 τελευτῶντα

279 2742 392 2797 τῶν
419 2740 688 2815 Περσέων
713 2740 786 2801 τοὶ
812 2740 1110 2819 οὐνόματα,
1129 2740 1195 2801 οὑ
1219 2740 1293 2802 τοὶ
1317 2742 1422 2818 μὲν
1445 2739 1519 2800 τὰ
1545 2740 1606 2799 δὲ
1632 2739 1713 2812 οὒ,
1731 2740 1887 2801 ἀλλὰ

283 2825 466 2886 πάντα
492 2828 711 2905 ὁμοίως.

189 2913 304 2972 140
399 2918 588 2975 Ταῦτα
612 2918 718 2994 μὲν
742 2915 1008 2994 ἀτρεκέως
1032 2918 1141 2997 ἔχω
1165 2918 1295 2994 περὶ
1320 2916 1501 2976 αὑτῶν
1523 2914 1674 2979 εἰδως
1695 2918 1885 2975 εἰπεῖν·

277 2986 409 3062 τάδε
426 3003 618 3080 μέντοι
646 3030 717 3067 ως
745 3004 1095 3081 κρυπτόμενα
1114 3006 1359 3086 λέγεται,
1378 3005 1470 3063 καὶ
1487 3030 1553 3063 ου
1536 3002 1885 3079 ’σαφηνέως-

283 3091 407 3166 περὶ
443 3096 542 3151 τοῦ
574 3090 969 3162 ἀποθανόντος,
999 3117 1071 3154 ως
1108 3091 1173 3152 οὗ
1200 3092 1473 3169 πρότερον
1499 3087 1829 3151 θάπτω-αι’
1793 3114 1885 3146 αν»-

285 3176 415 3252 δρός
455 3180 691 3257 Πέρσεω
725 3177 756 3237 ὁ
792 3179 964 3249 νέκυς,
1005 3179 1139 3257 πρὶν
1179 3177 1246 3239 ἂν
1280 3180 1373 3239 ὑπ’
1409 3178 1627 3256 ὄρνιθος
1657 3174 1695 3251 ἢ
1728 3173 1887 3235 xvv&

281 3266 640 3342 ἑλκυσθῆναι·
681 3264 916 3348 (μάγους
946 3269 1052 3343 μὲν
1075 3266 1188 3347 γοίρ
1230 3266 1497 3343 ἀτρεκέως
1520 3262 1648 3323 οἶδα
1666 3259 1885 3318 ,ποιέον-
