2267 3517
379 146 665 213 105—109]
1012 144 1340 197 E'H'EPIIH.
1885 144 1976 198 157

454 232 669 289 Τοῦτον
685 225 753 303 δὴ
768 224 871 287 τόν
885 224 1195 307 Αἰγύπτιον
1212 224 1538 302 Σέσωστριν
1552 222 1938 305 ἀναχωρέοντα
1957 227 1986 286 1
1995 224 2072 287 07

376 316 472 375 καὶ
512 315 791 397 ἀνάγοντα
826 313 1083 377 πολλοῦς
1122 312 1444 390 ἀνθρώπους
1482 316 1593 373 τῶν
1634 312 1831 373 ἐθνέων
1868 316 1978 374 τῶν

373 402 477 467 τοὶς
514 402 701 482 χώρας
740 400 1178 480 κατεστρέψατο,
1221 402 1416 481 ἔλεγον
1457 404 1513 460 οἶ
1557 399 1710 477 ἱρέες,
1754 402 1878 460 ἐπεί
1917 426 1979 460 τε

379 492 599 573 ἐγένετο
630 490 1099 567 ἀνακομιζόμενος
1130 494 1190 549 ἐν
1218 489 1491 567 Δάφνῃσι
1519 492 1657 568 τῇσι
1689 484 1979 564 Πηλουσί-

376 604 498 657 ῃσι,
533 577 633 640 τᾶν
672 576 953 654 οἷὸελφεὸν
992 579 1197 637 ἑωυτοῦ
1234 581 1312 656 τῷ
1351 577 1619 654 ἐπέτρεψε
1661 577 1982 655 Σέσωστρις

375 666 481 742 τήν
519 666 825 776 Αἴγυπτον,
862 668 1063 726 τοῦτον
1102 665 1196 725 ἐπὶ
1235 665 1408 735 ξείνια
1448 662 1620 725 αὐτόν
1660 664 1982 725 καλέσαντα

379 755 471 813 καὶ
504 754 647 831 πρός
679 753 827 833 αυτῷ
854 778 987 817 τους
1017 752 1238 822 παῖδας,
1276 755 1613 829 περινηῆσαι
1640 752 1837 822 ἔξωθεν
1874 751 1980 859 τῆαν

378 842 557 918 οἰκίην
582 840 721 949 ὕλῃ,ΙΙ
727 839 1146 951 περινηήσαντα
1181 840 1242 899 δὲ
1275 839 1625 917 ὖποπρῆσαι·
1663 865 1764 900 τον
1803 839 1880 910 δὲ,
1907 838 1980 903 ώς

373 930 574 1005 μαθεῖν
618 934 805 1000 τοῦτο,
848 928 1049 988 αὐτίκα
1087 927 1590 1004 συμβουλεύεσθαι
1627 930 1702 1004 τῇ
1739 930 1977 1008 γυναικί·

375 1016 466 1075 καὶ
491 1016 603 1098 γὰρ
630 1016 699 1093 δή
727 1017 818 1076 καὶ
841 1015 947 1092 τὴν
970 1017 1206 1097 γυναῖκα
1233 1013 1403 1075 ada-dv
1427 1013 1548 1091 ἅμα
1573 1012 1831 1094 ἄγεσθαι·
1869 1013 1978 1090 τήν

374 1102 439 1162 δέ
462 1107 516 1163 οἱ
543 1106 999 1181 συμβουλεῦσαι,
1025 1106 1138 1165 τῶν
1161 1103 1372 1163 παίδων
1399 1101 1597 1163 ἐόντων
1625 1101 1700 1172 ἐξ,
1724 1101 1853 1166 τούς
1879 1101 1978 1163 δύο

376 1191 469 1250 ἐπὶ
492 1190 597 1267 τήν
622 1191 806 1269 πυρὴν
837 1190 1157 1252 ἐκτείναντα
1195 1193 1524 1272 γεφυρῶσαι
1557 1188 1626 1250 τὸ
1666 1188 1973 1266 καιόμενον,

375 1276 577 1341 αὐτοῦς
636 1278 684 1338 δ’
738 1277 823 1338 ἐπ’
876 1280 1092 1345 ἐκείνων
1157 1278 1548 1355 ἐπιβαίνοντας
1611 1276 1973 1349 ἐκσώζεσθαι·

372 1368 550 1425 ταῦτα
573 1370 811 1441 ποιῆσαι
834 1366 937 1427 τᾶν
963 1366 1304 1444 Σέσωστριν,
1334 1365 1426 1425 καὶ
1452 1365 1550 1425 δύο
1584 1366 1690 1442 μὲν
1713 1368 1824 1426 τῶν
1848 1365 1975 1426 παί-

374 1452 483 1514 δων
534 1459 878 1531 κατακαῆναι
921 1453 1109 1534 τρόπῳ
1161 1453 1409 1533 τοιούτῳ,
1454 1452 1586 1517 τούς
1630 1452 1690 1513 δὲ
1741 1453 1976 1517 λοιποῦς

372 1538 736 1620 α’ποσωθῆναι
762 1541 881 1620 ἅμα
906 1546 983 1622 τῷ
1005 1542 1225 1623 πατρί.ο
1262 1539 1579 1617 Νοστήσας
1603 1540 1664 1601 δὲ
1689 1541 1721 1601 ό
1751 1542 1934 1606 Σέσω-
1953 1544 2070 1603 108

372 1654 533 1708 στρις
557 1635 615 1696 ἐς
638 1631 743 1708 τήν
770 1631 1057 1713 Αἴγυπτον
1094 1631 1187 1689 καὶ
1215 1629 1517 1707 τισάμενος
1551 1627 1650 1690 τόν
1677 1628 1972 1706 ἅδελφεόν,

368 1721 447 1798 τῷ
479 1720 585 1795 μὲν
618 1718 800 1799 ὁμίλῳ
825 1719 926 1780 τόν
962 1718 1293 1800 ἐπηγάγετο,
1325 1721 1436 1778 τῶν
1470 1716 1569 1781 τοὶς
1601 1717 1788 1796 χώρας
1820 1742 1974 1778 κατε-

370 1807 674 1885 στρέψατο,
714 1807 893 1887 τούτῳ
932 1808 1039 1883 μὲν
1089 1806 1224 1866 τάδε
1277 1805 1580 1884 ἐχρήσατο·
1633 1804 1765 1869 τούς
1806 1805 1873 1865 τέ
1916 1807 1972 1865 οἶ

371 1893 579 1965 λίθους,
604 1894 735 1958 τούς
774 1896 867 1954 ἐπὶ
905 1893 1105 1955 τούτου
1144 1896 1246 1953 τοῦ
1285 1894 1564 1968 βασιλέος
1603 1893 1971 1969 κομισθέντας

374 1984 429 2042 ἐς
465 1985 569 2040 τοῦ
592 1980 921 2058 Ἡφαίστου
958 1981 1028 2042 va
1068 1979 1208 2058 ἶρδν,
1240 1978 1430 2044 ἐόντας
1469 1979 1705 2061 μεγάθεΐ
1741 1979 1972 2056 περιμή-

378 2090 517 2136 κεας,
554 2065 711 2129 οὗτοι
747 2067 901 2143 ἦσαν
940 2070 996 2127 οἱ
1034 2067 1388 2131 ἑλκύσαντες·
1429 2068 1522 2127 καὶ
1561 2065 1662 2130 τοὶς
1700 2066 1971 2145 διώρυχας

374 2150 475 2215 τὰς
508 2157 605 2213 νῦν
642 2153 843 2218 ἐούσας
880 2159 939 2214 ἐν
966 2154 1230 2235 Αἰγύπτῳ
1260 2155 1450 2219 πάσας
1485 2152 1638 2215 οὗτοι
1669 2151 1970 2234 ἀναγκαζό-

371 2264 531 2318 μενοι
558 2239 836 2319 ὤρυσσον·
879 2243 1095 2302 ἐποίευν
1127 2268 1193 2303 τε
1229 2242 1330 2302 οὐκ
1358 2241 1570 2305 ἑκόντες
1595 2240 1880 2322 Αἴγυπτον
1903 2242 1971 2303 τό

370 2329 506 2405 πρὶν
556 2332 763 2389 ἐοῦσαν
804 2330 1127 2407 ἱππασίμην
1173 2329 1266 2389 καὶ
1318 2328 1735 2407 ἁμαξευομένην
1777 2332 1972 2392 πᾶσαν

371 2416 531 2476 ἐνδεᾶ
554 2416 781 2477 τούτων·
823 2415 937 2478 dm?
960 2418 1072 2499 γοῖρ
1096 2416 1297 2478 τούτου
1319 2420 1421 2478 τοῦ
1445 2417 1652 2497 χρόνου
1671 2418 1969 2498 Αἴγυπτος,

373 2507 551 2565 ἐοῦσα
593 2504 786 2569 πεδιὰς
820 2508 1001 2576 πᾶσα,
1045 2504 1285 2569 ἄνιππος
1335 2503 1428 2565 καὶ
1468 2503 1843 2581 ἀναμάξευτος
1881 2506 1970 2585 γε’-

370 2612 521 2673 γονε·
562 2592 736 2652 αἴτιαι
766 2590 825 2652 δὲ
848 2593 1059 2654 τούτων
1085 2596 1144 2651 αἶ
1171 2589 1430 2672 διώρυχες
1458 2591 1746 2674 γεγόνασι,
1774 2596 1970 2653 ἐοῦσαι

372 2679 589 2739 πολλαὶ
617 2680 708 2739 καὶ
733 2682 1028 2744 παντοίους
1057 2679 1302 2757 τρόπους
1330 2680 1582 2759 ἔχουσαι.
1665 2680 1971 2757 κατέταμνε

374 2766 435 2826 δὲ
472 2767 635 2826 τοῦδε
677 2766 857 2827 εἵνεκα
900 2767 1007 2844 τήν
1046 2767 1236 2847 χώρην
1276 2766 1312 2827 ὅ
1352 2765 1650 2843 βασιλεύς·
1691 2766 1822 2827 ὅσοι
1861 2770 1972 2828 τῶν

372 2854 691 2935 Αἰγυπτίων
730 2854 811 2931 μή
854 2856 947 2915 ἐπὶ
988 2858 1065 2934 τῷ
1105 2858 1340 2934 ποταμῷ
1381 2856 1607 2930 ἔκτηντο
1646 2853 1747 2918 τοὶς
1785 2854 1970 2925 πόλις,

373 2939 506 3001 ἀλλ’
548 2939 877 3019 α’ναμέσους,
920 2940 1089 3013 οὗτοι,
1133 2941 1272 3007 ὅκως
1314 2967 1378 3002 τε
1423 2940 1579 3002 ἀπίοι
1619 2941 1653 3001 ὅ
1697 2941 1967 3018 ποταμός,

372 3030 735 3105 σπανίζοντες
782 3029 995 3091 &Sota-mv
1046 3030 1448 3109 πλατυτέροισι
1508 3029 1767 3107 ἐχρέοντο
1816 3030 1971 3086 τοῖσι

372 3116 611 3193 πόμασι,
668 3122 729 3177 ἐκ
788 3116 1043 3195 φρεατων
1099 3116 1413 3196 χρεόμενοι·
1481 3115 1689 3175 τούτων
1743 3115 1848 3189 μὲν
1897 3113 1967 3189 δή

374 3204 554 3265 εἵνεκα
609 3204 927 3283 κατετμήθη
976 3202 1018 3281 ἦ
1069 3206 1371 3287 Αἴγυπτος.
1467 3202 1816 3275 Κατανεῖμαι
1865 3196 1926 3257 δε
1944 3201 2060 3261 109

370 3292 476 3371 τήν
526 3294 715 3375 χώρην
756 3293 1118 3376 Αἰγυπτίοισι
1169 3290 1354 3352 ἅπασι
1393 3310 1593 3349 τουτον
1633 3286 1830 3366 ἔλεγον
1867 3309 1967 3349 τον
