2267 3517
321 100 385 146 σε
934 95 1293 145 mmmmm·
1850 93 1915 159 [ι.

315 176 544 247 πάντας,
573 178 668 235 καὶ
697 173 1018 257 στρατηγόν
1051 173 1231 234 afim-<312
1272 171 1419 233 ὥστε
1453 170 1787 249 θεοβλαβὴς
1820 171 1923 231 ἐῶν

317 264 546 334 ἀπέδεξε
567 263 881 345 Ἅρπαγον,
917 261 1101 338 λήθην
1131 260 1457 339 ποιεύμενος
1486 259 1558 320 τά
1587 286 1685 337 μιν
1712 257 1918 340 ἐόργεε·

316 350 386 415 ὥς
411 352 457 411 δ’
486 354 539 411 οἱ
564 352 754 427 Μῆδοι
783 348 1263 428 στρατευσάμενοι
1289 352 1443 409 τοῖσι
1467 347 1736 427 Πέρσῃσι
1761 347 1920 406 συνέ-

311 465 539 520 μισγον,
580 441 633 498 οἱ
671 439 775 514 μέν
806 463 949 499 τινες
989 436 1188 511 αὖτῶν,
1217 436 1493 515 ἐμάχοντο
1534 434 1664 495 ὅσοι
1702 433 1783 511 μὴ
1815 439 1918 495 τοῦ

317 526 494 607 λόγου
519 526 814 604 μετέσχον,
835 528 887 584 οἳ,
907 525 966 583 δὲ
993 522 1338 601 αὐτομόλεον
1353 522 1492 600 πρὸς
1509 521 1638 585 τοῦς
1663 522 1915 599 Πέρσας·

220 616 334 674 128
354 618 407 673 οἱ
433 614 492 673 δὲ
518 618 783 673 πλεῖστοι
809 611 1170 672 ἐθελοκάκεόν
1185 637 1248 671 τε
1268 612 1359 672 καὶ
1387 612 1641 691 ἔφευγον.
1705 613 1915 669 Διαλυ-

314 702 503 765 θέντος
543 701 602 760 δὲ
641 705 742 761 τοῦ
783 700 1040 776 Μηδικοῦ
1081 698 1496 779 στρατεύματος
1538 701 1800 776 αἰσχρῶς,
1845 696 1916 761 ὥς

319 780 550 848 ἐπύθετο
592 786 839 866 τάχιστα
882 786 913 846 ὁ
957 786 1294 868 Ἀστυάγης,
1341 788 1469 863 ἔφη,
1518 785 1789 845 ἀπειλέων
1838 789 1916 863 τῷ

311 874 499 954 Κύρῳ·
544 885 579 911 “
597 874 727 934 ἀλλ’
763 873 874 934 οὐδ’
905 873 976 937 ὣς
1011 873 1042 933 ὁ
1075 874 1265 952 Κῦρός
1294 899 1363 955 γε
1400 871 1713 953 χαιρήσει.”
1779 898 1913 933 τοσ-

312 967 454 1023 αῦτα
487 964 660 1034 εἴπας,
695 966 915 1039 πρῶτον
946 964 1050 1039 μὲν
1088 965 1198 1022 τῶν
1237 961 1430 1044 μα’ςγων
1465 961 1594 1025 τοῦς
1634 959 1912 1038 ὀνειροπό-

313 1054 448 1115 λους
481 1051 540 1110 οἶ
565 1076 662 1128 μιν
699 1050 1019 1131 ἀνέγνωσαν
1052 1054 1299 1127 μετεῖναι
1322 1049 1422 1110 τὸν
1449 1054 1657 1127 Κῦρον,
1682 1047 1914 1113 τούτους

315 1136 746 1210 ἀνεσκολόπισε,
773 1138 914 1215 μετὰ
947 1138 1021 1208 δὲ,
1053 1136 1274 1199 ὥπλισε
1306 1138 1436 1201 τοῦς
1468 1136 1913 1212 ύπολειφθέντας

307 1229 419 1286 τῶν
455 1226 666 1302 Μήδων
706 1231 764 1287 ἐν
802 1230 880 1305 τῷ
922 1225 1099 1296 ἄστεϊ,
1146 1226 1301 1290 νέους
1345 1250 1409 1285 τε
1451 1225 1544 1284 καὶ
1584 1223 1913 1301 πρεσβύτας

311 1310 529 1389 ἄνδρας·
585 1312 868 1394 ἐξαγαγών
908 1313 968 1372 δὲ
1005 1313 1235 1377 τούτους
1278 1314 1371 1373 καὶ
1410 1310 1727 1389 συμβαλών
1760 1315 1913 1372 τοῖσι

311 1400 576 1478 Πέρσῃσι
603 1399 850 1475 ἑσσώθη·
893 1401 986 1459 καὶ
1012 1399 1178 1463 αὖτός
1195 1427 1258 1460 τε
1270 1399 1590 1481 Ἀστυάγης
1611 1398 1911 1480 ἐζωγρήθη,

215 1488 330 1545 129
352 1487 445 1546 καὶ
474 1486 605 1550 τοῦς
637 1486 875 1567 ἐξήγαγε
906 1491 1016 1548 τῶν
1043 1488 1254 1563 Μήδων
1280 1488 1561 1564 ἀπέβαλε.
1642 1484 1827 1547 Ἐόντι
1852 1486 1911 1545 δὲ

310 1575 647 1652 αἰχμαλώτῳ
677 1578 755 1652 τῷ
777 1573 1081 1655 Ἀστυάγεϊ
1112 1575 1368 1653 προστὰς
1392 1574 1424 1635 ὁ
1440 1574 1732 1655 Ἀρπαγος
1758 1574 1909 1633 κατέ-

307 1662 472 1739 χαιρέ
500 1686 563 1720 τε
599 1662 692 1721 καὶ
720 1662 1130 1740 κατεκερτόμεε,
1161 1664 1252 1722 καὶ
1279 1662 1433 1723 ἄλλα
1457 1662 1639 1743 λέγων
1665 1666 1720 1725 ἐς
1744 1659 1911 1721 αύτόν

233 1821 239 1827 ·
310 1749 602 1829 θυμαλγέα
629 1750 762 1809 ἔπεα
789 1749 880 1808 καὶ
907 1748 975 1825 δή
1004 1750 1096 1811 καὶ
1124 1750 1301 1829 εἴρετό
1327 1776 1441 1827 μιν,
1458 1749 1599 1827 πρός
1616 1748 1682 1809 vd
1711 1753 1909 1809 ἑωυτοῦ

307 1835 529 1897 δεῖπνον
566 1837 635 1897 τό
674 1862 772 1914 μιν
811 1841 1014 1901 ἐκεῖνος
1053 1839 1227 1916 σαρξὶ
1265 1843 1365 1899 τοῦ
1404 1836 1601 1899 παιδός
1637 1838 1908 1913 ἐθοίνησε,

311 1930 346 1958 “
363 1922 396 1983 ὅ
363 1950 475 1983 οτι
501 1950 584 2001 ειη
612 1923 650 2001 ἦ
679 1925 886 1985 ἐκείνου
919 1925 1297 2002 δουλοσύνη’
1262 1927 1385 1987 αντὶ
1409 1930 1511 2002 τῆς
1533 1922 1908 2001 βασιληΐης;”

308 2009 342 2071 ὅ
369 2011 432 2071 δέ
451 2038 550 2089 μιν
574 2010 922 2092 προσιδων’
886 2014 1184 2091 αντείρετο,
1206 2024 1249 2049 “
1268 2017 1316 2073 εἰ
1342 2016 1543 2073 ἑωυτοῦ
1570 2036 1815 2071 ποιεεται
1839 2010 1907 2071 τό

312 2098 566 2175 Κύρου”
538 2126 724 2182 εργον;
725 2099 756 2119 ”
789 2100 1082 2183 ’Ἀρπαγος
1108 2101 1168 2160 δε
1195 2102 1322 2178 ἔφη,
1349 2099 1515 2163 αὗτός
1540 2098 1650 2182 γὰρ
1674 2098 1906 2207 γράψαι,

313 2186 372 2247 td
412 2191 647 2291 πρῆγμα
683 2187 752 2263 δη
795 2190 994 2248 ἑωυτοῦ
1028 2188 1247 2253 δικαίως
1288 2189 1444 2249 εἶναι·
1489 2187 1808 2268 Ἀστυάγης
1846 2186 1910 2247 δε

303 2299 402 2350 μιν
441 2272 717 2349 ἀπέφαινε
756 2278 833 2352 τῷ
871 2274 1027 2356 λόγῳ
1068 2285 1104 2311 “
1121 2275 1458 2337 σκαιότατόν
1488 2301 1550 2335 τε
1590 2275 1683 2334 καὶ
1714 2273 1897 2334 ἀδικώ-

304 2385 475 2420 τατον
515 2360 678 2421 ἐόντα
715 2359 936 2422 πάντων
971 2362 1292 2441 ἀνθρώπων·
1332 2362 1668 2423 σκαιότατόν
1692 2362 1797 2438 μέν
1818 2387 1903 2442 γε,

309 2451 357 2505 εἰ
395 2445 603 2526 παρεόν
644 2446 789 2525 αὐτῷ
822 2449 1078 2523 βασιλέα
1109 2450 1390 2532 γενέσθαι,
1418 2450 1490 2529 (εἰ
1516 2449 1583 2525 δή
1610 2448 1676 2508 δι’
1703 2452 1904 2509 ἑωυτοῦ

302 2558 371 2614 γε
411 2533 666 2613 ἐπρήχθη
703 2533 774 2595 τὰ
813 2536 1134 2617 παρεόντα,)
1173 2537 1331 2616 ἄλλῳ
1365 2537 1658 2612 περιέθηκε
1683 2537 1750 2597 τό
1776 2536 1904 2614 κρά-

300 2647 415 2685 τος·
457 2620 793 2683 ἀδικώτατον
825 2623 901 2693 δέ,
932 2622 1019 2683 ὅτι
1048 2627 1151 2683 τοῦ
1185 2624 1407 2684 δείπνου
1442 2623 1643 2683 εἵνεκεν
1672 2623 1904 2700 Μήδους

301 2708 701 2770 κατεδούλωσε·
743 2714 792 2769 εἰ
807 2708 920 2791 γσῖρ
947 2710 1014 2787 δή
1041 2711 1167 2771 δέον
1184 2710 1400 2775 πάντως
1424 2711 1727 2788 περιθεῖναι
1742 2710 1902 2793 ἄλλῳ

299 2798 405 2876 τέῳ
439 2794 544 2872 τήν
568 2799 882 2875 βασιληίην
913 2799 1006 2857 καὶ
1037 2797 1118 2875 μή
1160 2797 1329 2861 αὖτόν
1362 2802 1521 2879 ἔχειν,
1561 2798 1901 2876 δικαιότερον

302 2884 442 2945 εἶναι
486 2885 697 2961 Μήδων
738 2887 843 2965 τέῳ
892 2888 1228 2962 περιβαλεῖν
1268 2890 1438 2948 τοῦτο
1481 2885 1549 2947 vd
1596 2886 1809 2968 ἀγαθὸν
1859 2886 1899 2965 ἢ

298 2972 582 3049 Περσέων·
623 2977 720 3033 νῦν
751 2972 812 3031 δὲ
851 2971 1082 3048 Μήδους
1119 2976 1225 3049 μὲν
1255 2972 1529 3037 ἀναιτίους
1558 2973 1757 3035 τούτου
1783 2973 1895 3034 ἐόν-

296 3084 397 3124 τας
436 3059 668 3123 δούλους
708 3058 830 3119 ἀντὶ
871 3058 1185 3119 δεσποτέων
1222 3063 1526 3143 γεγονέναι,
1567 3061 1798 3137 Πέρσας
1836 3061 1898 3120 δὲ

297 3146 530 3211 δούλους
570 3146 760 3209 ἐόντας
799 3144 868 3205 τό
911 3145 1044 3223 πρὶν
1083 3146 1293 3223 Μήδων
1334 3152 1433 3210 νῦν
1474 3149 1760 3231 γεγονέναι
1810 3146 1895 3206 δε-

398 3235 412 3253 ,
529 3233 563 3254 ,»

294 3258 532 3297 οπο-τας.
