2267 3517
401 140 614 204 12—16]
1101 138 1325 190 mm.
1962 148 1995 196 ⁷

393 217 740 298 χρηστήριον
779 219 872 278 καὶ
911 220 1291 296 ἐβασίλευσεν
1330 218 1473 278 οὕτω
1518 217 1721 300 Γύγης·
1760 216 1997 279 τοσόνδε

381 307 584 383 ,μέντοι
617 306 739 366 εἶπε
767 305 807 383 ἦ
843 308 1047 382 Πυθίη,
1077 306 1150 370 ὦς
1179 306 1587 384 Ἡρακλείδῃσι
1609 306 1759 369 τίσις
1787 305 1909 381 ἥξει
1942 310 1999 370 ἐς

393 392 496 454 τὸν
538 396 794 472 πέμπτον
841 393 1122 475 ἀπόγονον
1170 392 1377 473 Γύγεω.
1459 391 1657 475 τούτου
1696 398 1797 452 τοῦ
1838 394 1998 457 ἔπεος

393 482 572 541 Λυδοί
598 507 662 542 τε
698 482 792 542 καὶ
828 484 882 542 οἷ
915 482 1191 558 βασιλέες
1216 480 1395 542 αὐτῶν
1421 480 1599 561 λόγον
1624 478 1821 541 οὐδένα
1848 484 1997 541 ἐποι-

396 572 572 640 εῦντο,
599 570 732 647 πρὶν
757 568 826 645 δὴ
853 569 1215 644 ἐπετελέσθη.

472 655 591 733 Τῆν
619 659 724 734 μὲν
757 656 826 732 δη
852 656 1149 733 τυραννίδα
1182 655 1323 717 οὕτω
1358 658 1529 736 ἔσχον
1555 659 1610 717 οἳ
1642 656 1990 734 Μερμνάδαι,
2013 660 2088 717 14

389 770 522 808 τους
545 744 916 822 Ηρακλείδας
940 742 1299 821 ἀπελόμενοι·
1333 744 1517 825 Γύγης
1542 744 1602 803 δε
1626 744 1997 821 τυραννεύσας

391 831 688 911 ἀπέπεμψε
724 830 1056 909 ἀναθήματα
1093 835 1151 895 ἐς
1187 831 1451 907 Δελφους
1491 831 1591 891 οὐκ
1632 831 1819 912 ὀλίγα·
1861 830 1992 891 ἀλλ’

391 919 504 980 ὅσα
529 923 634 998 μὲν
652 920 896 1002 ἀργύρου
923 918 1305 996 αναθήματα”
1276 943 1399 980 εστι
1425 946 1481 979 οι
1502 921 1796 979 πλεῖστα’
1770 946 1829 979 εν
1849 924 1995 978 Δελ-

393 1012 576 1085 φοῖσι,
597 1008 780 1087 πάρεξ
801 1008 862 1067 δὲ
879 1010 982 1068 τοῦ
1009 1005 1271 1088 ἀργύρου,
1294 1006 1511 1087 χρυσὸν
1535 1006 1781 1068 ἄπλετον
1800 1007 1993 1084 ανέθη-

389 1121 500 1167 κεν,
528 1096 711 1157 ἄλλον
739 1120 803 1157 τε
837 1096 931 1155 καὶ
954 1095 1078 1176 (τοῦ
1109 1095 1369 1171 μάλιστα
1404 1093 1629 1171 μνήμην
1662 1092 1817 1163 ἄξιον
1847 1096 1992 1173 ἔχειν

390 1184 540 1263 ἐστὶ)
583 1184 858 1261 κρητῆρές
888 1185 942 1243 οἱ
994 1181 1239 1259 ἅριθμὸν
1288 1182 1353 1252 ἓξ
1388 1181 1625 1261 χρύσεοι
1676 1180 1991 1241 ἀνακέαται·

391 1272 598 1330 ἑστᾶσι
629 1271 690 1329 δὲ
716 1268 868 1329 οὗτοι
900 1274 958 1330 ἐν
979 1274 1056 1349 τῷ
1087 1270 1401 1348 Κορινθίων
1426 1270 1705 1349 θησαυρῷ,
1732 1268 1991 1346 σταθμὸν

392 1357 613 1437 ἔχοντες
627 1357 922 1435 τριήκοντα
935 1356 1203 1418 τάλαντα·
1232 1356 1435 1471 ἀληθέῖ
1450 1358 1509 1416 δὲ
1528 1357 1682 1439 λόγῳ
1699 1356 1991 1437 χρεωμένω

391 1471 458 1504 ου
483 1447 793 1523 Κορινθιων
818 1448 922 1506 τοῦ
956 1444 1235 1522 δημοσίου
1269 1447 1425 1506 ἐστὶν
1449 1472 1481 1506 ο
1519 1444 1801 1522 θησαυρὸς
1834 1444 1990 1503 ἀλλά

389 1536 660 1613 Κυψέλου
688 1538 792 1595 τοῦ
815 1533 1126 1598 Ἠετίωνος.
1210 1558 1373 1598 ουτος
1404 1532 1528 1594 δὲ’
1494 1560 1527 1594 ο
1560 1532 1744 1613 Γύγης
1773 1534 1991 1610 πρῶτος

386 1620 700 1699 βαρβάρων
748 1626 860 1683 τῶν
907 1620 1071 1698 ημεῖς
1119 1620 1279 1697 ιδμεν
1326 1626 1384 1685 ἐς
1436 1620 1701 1697 Δελφούς
1754 1619 1986 1697 σ’,νέθηκε

387 1707 716 1787 ἀναθήματα
754 1708 898 1788 μετὰ
937 1708 1130 1785 Μίδην
1162 1708 1263 1769 τᾶν
1300 1708 1558 1785 Γορδίεω,
1600 1708 1841 1789 Φρυγίης
1878 1709 1989 1783 βα-

387 1798 573 1857 σιλέα·
615 1798 850 1875 α’νέθηκε
888 1796 1004 1878 γοῖρ
1045 1796 1113 1872 δὴ
1161 1797 1254 1857 καὶ
1298 1798 1486 1874 Μίδης
1528 1796 1631 1857 τᾶν
1668 1794 1983 1872 βασιλήϊον

387 1884 639 1962 θρόνον’
612 1912 668 1951 ες
697 1885 801 1947 τ’ὂν
823 1884 1171 1963 προκατίζων
1195 1886 1477 1957 ἐδίκαζε,’
1451 1883 1615 1946 εόντα
1638 1883 1981 1961 ἀξιοθέητον·

385 1976 561 2033 κεῖται
585 1974 705 2059 δε“
671 2002 703 2035 ο
731 1973 928 2051 θρόνος
954 1998 1116 2036 ουτος
1142 1971 1277 2035 ἔνθα
1300 1998 1407 2049 περ
1434 1975 1487 2033 οἶ
1512 1975 1613 2032 τοῦ
1638 1971 1827 2053 Γύγεω
1854 1996 1983 2048 κρη-

382 2065 567 2138 τῆρες.
619 2060 652 2122 ὁ
681 2062 742 2122 δὲ
765 2059 979 2141 χρυσὸς
1005 2058 1169 2125 οὗτος
1191 2062 1285 2120 καὶ
1305 2060 1338 2119 ὅ
1360 2059 1599 2141 ἄργυρος
1623 2084 1725 2119 τον
1744 2085 1776 2117 ο
1760 2057 1982 2138 Τύγης

384 2146 635 2223 ἀνέθηκε,
680 2174 792 2208 υπο
842 2152 1088 2226 Δελφων
1133 2148 1393 2208 καλέεται
1436 2145 1691 2227 Γυγάδας
1736 2144 1827 2205 ἐπι
1876 2148 1978 2205 τοῦ

385 2234 734 2299 σ’,ναθέντος’
708 2238 1034 2314 επωνυμίην.
1075 2236 1327 2313 ἐσέβαλε
1348 2235 1453 2312 μέν
1473 2259 1569 2294 νυν
1595 2258 1866 2310 στρατιην
1892 2233 1985 2293 καὶ

385 2321 565 2393 οὗτος,
593 2324 717 2383 ἐπεί
739 2347 804 2384 τε
834 2322 984 2401 ἦρξε,
1013 2324 1067 2387 ἔς
1091 2348 1157 2384 τε
1192 2324 1456 2400 Μίλητον
1480 2323 1574 2381 καὶ
1609 2326 1665 2385 ἐς
1704 2321 1980 2399 Σμύρνην,

383 2411 480 2470 καὶ
503 2415 853 2489 Κολοφῶνος
881 2410 950 2471 τδ
975 2410 1124 2472 ἄστυ
1155 2410 1289 2471 εἷλε.
1356 2410 1487 2471 ἀλλ’
1513 2408 1671 2470 οῦδὲν
1692 2409 1806 2490 γὰρ
1832 2410 1981 2491 μέγα

385 2500 548 2579 ἔργον
577 2499 672 2559 ἀπ’
708 2499 878 2561 αὐτοῦ
913 2498 1064 2559 ἄλλο
1100 2500 1317 2580 ἐγένετο
1353 2498 1809 2574 βασιλεύσαντος
1844 2497 1986 2555 δυῶν

384 2586 580 2647 δέοντα
621 2586 1039 2665 τεσσεράκοντα
1084 2587 1225 2657 ἔτεα,
1262 2589 1463 2646 τοῦτον
1506 2588 1612 2662 μὲν
1651 2584 1984 2663 παρήσομεν

382 2679 632 2736 τοσαῦτα
659 2675 1106 2753 ἐπιμνησθέντες,
1127 2672 1369 2751 Ἄρδυος
1394 2673 1455 2733 δὲ
1479 2676 1580 2733 τοῦ
1616 2671 1807 2754 Γύγεω
1836 2670 1978 2749 μετ-οἶ
2001 2672 2075 2731 15

383 2760 570 2841 Γύγην
607 2762 1062 2838 βασιλεύσαντος
1094 2761 1322 2839 μνήμην
1354 2759 1685 2837 ποιήσομαι·
1728 2756 1887 2823 οὗτος
1922 2759 1983 2818 δὲ

384 2850 662 2923 Πριηνέας
677 2874 741 2909 τε
766 2849 898 2920 εἷλε,
921 2852 977 2913 ἐς
999 2847 1264 2925 Μίλητόν
1282 2874 1345 2908 τε
1366 2849 1633 2925 ἐσέβαλε·
1666 2847 1757 2907 ἐπὶ
1774 2847 1976 2907 τούτου

381 2959 446 2993 τε
479 2935 897 3012 τυραννεύοντος
932 2936 1197 3012 Σαρδίων,
1227 2936 1531 3013 Κιμμέριοι
1561 2934 1625 3004 ἐξ
1653 2934 1831 3011 ἠθέων
1864 2933 1977 2993 ὗπό

383 3023 638 3087 Σκυθέων
677 3028 790 3085 τῶν
825 3024 1108 3134 Νομάδων
1152 3024 1569 3093 ἐξαναστάντες,
1612 3021 1878 3082 σ’,πικέατο
1920 3026 1977 3083 ἐς

379 3134 486 3188 την
508 3110 726 3189 Ἀσίην,
755 3112 846 3171 καὶ
873 3102 1076 3188 Σάρδις
1099 3111 1257 3189 πλην
1278 3136 1383 3187 της
1406 3110 1747 3187 ἀκροπόλιος
1773 3108 1945 3165 εἷλον·

450 3198 691 3278 Ἀρδυος
715 3200 777 3259 δε
793 3198 1301 3276 βασιλεύσαντος’
1276 3197 1395 3260 ενός
1421 3198 1615 3257 δέοντα
1635 3191 1977 3265 πεντήκοντα
1996 3192 2072 3250 16

377 3287 504 3391 ἔτεα
527 3286 817 3359 ἐξεδέξατο
845 3283 1257 3361 Σαρδυάττης”
1223 3310 1258 3344 ο
1279 3283 1535 3359 *Αρδυοῆ
1565 3280 1657 3338 καὶ
1682 3276 1982 3350 ἐβασίλευ-
2060 3342 2229 3485 A
