2267 3517
321 149 384 195 56
933 144 1297 196 ‘HPOAo'ro‘r
1847 144 1918 209 [1.

318 225 701 306 Ἀγβατάνων,
755 228 846 285 καὶ
892 224 1034 302 πρὸς
1084 230 1187 285 τοῦ
1230 224 1438 285 πόντου
1481 228 1583 285 τοῦ
1635 223 1921 295 Εὐξείνου.
1975 292 1985 299 ,

318 314 492 393 ταύτῃ
538 315 641 391 μὲν
683 340 796 395 γαρ
841 312 879 389 ἦ
926 312 1153 388 Μηδικὴ
1200 311 1355 391 χώρη
1398 310 1539 389 πρὸς
1592 311 1924 389 Σασπείρων

321 399 504 478 ὀρεινή
545 406 669 461 ἐστι
703 400 897 477 κάρτα·
943 400 1060 481 [καὶ
1091 399 1286 477 ὖψηλή
1325 425 1388 459 τε
1428 400 1520 459 καὶ
1557 399 1715 477 ἴδῃσι
1753 424 1923 476 συνη-

317 485 514 565 ρεφής·
554 488 591 563 ἦ
619 488 679 547 δὲ
703 487 870 563 ἄλλη
883 486 1109 563 Μηδικὴ
1143 486 1297 565 χώρη
1325 488 1448 546 ἐστὶ
1478 490 1643 545 πᾶσα
1672 484 1922 569 ἄπεδος]

323 577 441 634 ἐπεὶ
477 574 550 645 ὧν
583 602 614 635 ο
597 574 922 651 βουκόλος
951 575 1173 653 σπουδῇ
1205 578 1399 653 πολλῇ
1426 573 1762 651 καλεόμενος
1797 574 1922 635 οἷπί·

323 688 465 733 κετο,
496 665 652 744 ἔλεγε
679 662 710 722 ὁ
732 661 1025 743 Ἅρπαγος
1047 662 1199 721 τάδε·
1227 661 1487 722 “κελεύει
1511 688 1582 722 σε
1603 661 1923 743 Ἀστυάγης

319 749 386 811 τό
423 750 640 823 παιδίον
671 754 838 810 τοῦτο
874 748 1134 827 λαβόντα
1172 750 1347 809 θεῖναι
1384 754 1440 814 ἐς
1472 749 1539 810 τό
1578 748 1924 827 ἐρημότατον

320 842 432 897 τῶν
457 836 675 913 οὐρέων,
703 836 839 900 ὅκως
873 835 943 897 ἂν
967 836 1213 915 τάχιστα
1238 836 1589 916 διαφθαρείη.
1672 836 1765 895 καὶ
1787 835 1923 896 τάδε

320 950 410 984 τοι
435 926 691 984 ἐκέλευσε
719 927 905 996 εἰπεῖν,
932 921 1004 999 ἢν
1021 923 1101 1001 μὴ
1125 924 1449 1004 ἀποκτείνῃς
1474 923 1610 983 αὐτὰ
1636 922 1793 983 αλλά
1815 950 1922 983 τεω

318 1011 506 1092 τρόπω
545 1011 900 1091 περιποιήσῃ,
933 1011 1147 1091 ὀλέθρῳ
1182 1016 1260 1071 τῶ
1300 1013 1542 1091 κακίστω
1583 1038 1654 1072 σε
1693 1011 1922 1089 διαχρή-

320 1102 546 1161 σεσθαι·
605 1104 811 1178 ἐπορᾶν
863 1101 923 1159 δὲ
976 1101 1287 1177 ἐκκείμενον
1340 1100 1701 1179 διατέταγμαι
1754 1100 1921 1181 ⁶705?

229 1190 257 1247 l
270 1190 338 1247 11
361 1192 554 1249 Ταῦτα
580 1187 824 1251 οἰκούσας
855 1188 888 1248 ὅ
919 1187 1202 1264 βουκόλος
1233 1187 1325 1246 καὶ
1362 1185 1667 1263 αναλαβων
1694 1186 1762 1247 r&
1794 1214 1921 1248 παι-

321 1276 439 1336 δίον
463 1275 549 1351 ἤϊε
574 1274 678 1351 τὴν
704 1275 875 1351 αὐτὴν
901 1275 1082 1335 ὀπίσω
1109 1275 1256 1345 ὄδόν,
1278 1275 1371 1334 καὶ
1396 1274 1712 1336 ἀπικνέεται
1737 1280 1794 1339 ἐς
1815 1275 1923 1353 τὴν

321 1364 571 1421 ἔπαυλιν.
651 1366 728 1441 τῷ
764 1362 810 1422 δ’
837 1362 946 1440 ἄρα
978 1363 1069 1421 καὶ
1102 1362 1249 1442 αὐτῷ
1280 1362 1319 1438 ἦ
1349 1362 1507 1444 γυνὴ,
1536 1362 1725 1433 ἐπίτεξ
1749 1368 1923 1425 ἐοῦσα
1952 1356 1955 1361 ¹

322 1454 516 1509 πᾶσαν
551 1448 780 1527 ἡμέρην,
805 1450 935 1511 τότε
975 1476 1080 1513 κως
1119 1450 1263 1510 κατὰ
1298 1450 1533 1527 δαίμονα
1564 1452 1739 1511 τίκτει
1774 1456 1919 1532 οἰχο-

321 1537 489 1613 μένου
517 1542 616 1596 τοῦ
652 1536 939 1613 βουκόλου
977 1542 1032 1601 ἐς
1066 1536 1255 1599 πόλιν·
1294 1536 1446 1614 ἦσαν
1480 1538 1541 1598 δὲ
1577 1544 1635 1599 ἐν
1667 1542 1923 1616 φροντίδι

322 1623 633 1702 ἀμφότεροι
659 1624 926 1701 ἀλλήλων
948 1626 1094 1710 πέρι,
1117 1624 1149 1686 ὅ
1174 1628 1277 1703 μὲν
1294 1630 1396 1686 τοῦ
1420 1624 1587 1686 τόκου
1608 1631 1710 1702 τῆς
1732 1653 1922 1709 γυναι-

321 1711 416 1775 κός
447 1711 744 1789 ἀρρωδέων,
772 1712 810 1789 ἦ
843 1713 903 1772 δὲ
936 1711 1074 1795 γυνὴ
1112 1712 1200 1773 ὅτι
1230 1712 1329 1773 οὔκ
1361 1712 1541 1776 ἐωθῶς
1571 1713 1603 1774 ὅ
1628 1712 1923 1798 Ἅρπαγος

322 1801 746 1878 μεταπέμψαιτο
786 1799 956 1877 αὐτῆς
985 1800 1083 1861 τὸν
1117 1799 1309 1879 ἄνδρα.
1378 1802 1502 1861 ἐπεί
1526 1827 1589 1861 τε
1629 1801 1690 1861 δὲ
1720 1801 1922 1864 α’,πονο-

323 1888 543 1965 στήσας
569 1888 791 1964 ἐπέστη,
815 1888 906 1948 οἷα
932 1888 995 1957 ἐξ
1017 1888 1489 1950 ἀέλπτουῖδοῦσα
1513 1888 1550 1966 ἡ
1575 1888 1717 1972 γυνῆ
1745 1891 1921 1969 εἴρετο

321 1976 582 2053 προτέρη,
617 1975 649 2036 ὅ
688 2001 746 2036 τι
783 2002 880 2053 μιν
921 1976 1062 2036 οὕτω·
1099 1977 1397 2054 προθύμως
1425 1976 1717 2058 Ἅρπαγος
1752 2004 1921 2055 μετα-

317 2066 637 2143 πέμψαιτο;
679 2064 712 2125 ὁ
749 2064 808 2125 δὲ
848 2065 985 2125 εἶπε·
1026 2064 1116 2125 “‹2'›
1154 2064 1335 2147 γύναι,
1373 2063 1517 2125 εἶδόν
1554 2091 1618 2125 τε
1659 2070 1715 2129 ἐς
1751 2066 1923 2129 πόλιν

322 2154 499 2213 ἐλθῶν
535 2154 628 2213 καὶ
661 2151 880 2229 ἥκουσα
913 2152 979 2213 τὰ
1013 2152 1159 2231 μήτε
1196 2154 1327 2214 ἰδεῖν
1362 2152 1576 2230 ὄφελον
1608 2153 1753 2231 μήτε
1793 2159 1922 2216 κοτὲ

318 2242 584 2319 γενέσθαι
610 2246 664 2303 ἐς
689 2240 964 2303 δεσπότας
981 2241 1111 2303 τούς
1136 2240 1453 2319 ἡμετέρους.
1516 2241 1666 2305 οἶκος
1687 2244 1793 2319 μὲν
1809 2248 1922 2308 πᾶς

318 2326 606 2405 “Αρπάγου
638 2330 902 2406 κλαυθμῷ
934 2329 1237 2405 κατείχετο,
1266 2327 1373 2409 ἐγω
1406 2328 1466 2387 δε
1498 2330 1862 2411 ἐκπλαγεὶς*
1822 2340 1921 2408 ηἶα

324 2415 450 2472 ἔσω·
493 2438 563 2475 ως
603 2414 662 2472 δὲ
699 2414 944 2491 τάχιστα
986 2414 1314 2489 ἐσῆλθον,
1282 2416 1421 2492 ορέω
1452 2418 1673 2477 παιδίον
1702 2421 1920 2497 προκεί-

321 2526 504 2579 μενον,
526 2499 807 2578 ασπαῖρόν
825 2527 888 2561 τε
914 2501 1005 2561 καὶ
1025 2501 1483 2583 κραυγανόμενον,
1504 2508 1921 2583 κεκοσμημένον

320 2592 513 2667 χρυσῷ
536 2613 599 2648 τε
631 2590 722 2648 καὶ
756 2590 952 2665 ἐσθῆτι
983 2590 1233 2669 ποικίλῃ.
1290 2588 1584 2671 Αρπαγος
1615 2591 1676 2651 δὲ
1707 2620 1778 2658 ως
1811 2596 1924 2656 εἶδέ

320 2702 410 2753 με,
453 2678 670 2736 ἐκέλευε
714 2675 819 2752 τὴν
861 2678 1138 2755 ταχίστην
1179 2676 1545 2754 ἀναλαβόντα
1588 2678 1655 2739 τὸ
1699 2683 1921 2745 παιδίον

323 2764 580 2841 οιχεσθαι
606 2764 865 2842 φέροντα,
893 2766 985 2824 καὶ
1011 2766 1187 2825 θεῖναι
1213 2765 1343 2826 ἔνθα
1370 2766 1810 2843 θηριωδέστατον
1835 2772 1920 2847 εἴη

321 2855 432 2911 τῶν
466 2850 682 2929 οὐρέων,
717 2852 830 2929 φοὶς
864 2852 1185 2934 Α’στυαγεα
1221 2880 1361 2914 ειναι
1392 2854 1493 2915 τόν
1525 2860 1705 2917 ταῦτα
1739 2859 1921 2939 ἐπιθέ-

321 2938 489 3015 μενόν
511 2966 624 3018 μοι,
651 2940 844 3001 πολλοὶ
877 2940 1192 3017 ἀπειλήσας
1226 2946 1274 3001 εἰ
1303 2941 1385 3020 μή
1411 2949 1567 3020 σφεα
1596 2944 1920 3023 ποιήσαιμι·

323 3028 415 3085 καὶ
441 3026 549 3111 ἐγω
577 3027 882 3104 ἀναλαβων
902 3030 1116 3106 ἔφερον,
1140 3030 1339 3090 δοκέων
1362 3052 1473 3091 των
1495 3058 1644 3096 τινος
1669 3034 1922 3093 οἰκετέων

325 3115 478 3176 εἶναι·
521 3115 586 3176 οὗ
615 3114 728 3196 ’γὰρ
762 3114 832 3175 ἄν
858 3143 984 3177 κοτε
1018 3118 1285 3186 κατέδοξα
1317 3120 1469 3179 ἔνθεν
1496 3145 1565 3200 γε
1594 3120 1683 3197 ἦν.
1752 3119 1918 3195 ἐθάμ-

322 3205 464 3279 βεον
499 3205 558 3263 δὲ
594 3202 763 3280 ὁρέων
796 3209 989 3283 χρυσῷ
1021 3228 1084 3263 τε
1124 3206 1217 3263 καὶ
1258 3206 1451 3282 εἵμασι
1485 3206 1917 3282 κεκοσμημένον,

323 3291 466 3369 πρός
498 3292 574 3363 δὲ,
604 3292 695 3351 καὶ
726 3291 1013 3370 κλαυθμόν
1045 3296 1394 3353 κατεστεῶτα
1424 3294 1677 3371 ἐμφανέα
1708 3297 1766 3351 ἐν
1790 3290 1917 3368 ‘Ap-
