2267 3517
291 140 361 187 90
903 140 1272 190 ἫΡοΔοΤοα·
1821 140 1889 206 [1.

296 216 359 276 δὲ
382 222 485 278 τοῦ
510 221 647 294 νηοῦ
671 217 867 296 βωμός
892 223 1016 279 ἔστι
1039 217 1300 298 χρύσεος.
1368 218 1491 279 ἔστι
1515 217 1577 279 δὲ
1602 218 1695 279 καὶ
1721 218 1901 285 ἄλλος

292 303 490 381 βωμὸς
522 305 715 385 μέγας,
752 304 895 365 ὅπου
928 305 1117 367 θύεται
1151 305 1223 365 τὰ
1246 305 1417 365 τέλεα
1439 309 1552 366 τῶν
1575 306 1898 383 προβάτων.

296 392 389 453 ἐπὶ
420 392 531 473 γοῖρ
564 398 667 453 τοῦ
697 393 942 473 χρυσέου
966 396 1168 470 βωμοῦ
1194 392 1293 453 ούκ
1319 394 1505 463 ἔξεστι
1530 393 1680 455 θύειν
1706 393 1794 455 ὅτι
1815 394 1899 474 μὴ

294 480 586 561 γαλαθηνὰ
621 486 822 558 μοῦνα·
864 481 956 541 ἐπὶ
987 481 1047 540 δὲ
1071 484 1174 540 τοῦ
1199 481 1430 557 μέζονος
1453 482 1656 558 βωμοῦ
1683 483 1777 542 καὶ
1803 508 1898 542 κα-

292 568 584 649 ταγίζουσι
619 570 939 645 λιβανωτοῦ
979 569 1143 648 χίλια
1180 568 1434 629 τάλαντα
1474 569 1622 633 ἔτεος
1661 569 1901 631 ἑκάστου

292 658 347 715 οἶ
391 656 687 727 Χαλδαῖοι,
727 655 857 717 τότε
896 656 1065 717 ἐπεσῖν
1101 655 1209 733 τήν
1247 654 1420 734 ὁρτὴν
1458 655 1640 737 ἄγωσι
1667 662 1756 738 ’τῷ
1793 659 1902 739 θεῷ

290 742 486 823 τούτῳ.
566 741 638 820 ἦν
676 744 737 805 δὲ
778 749 837 804 ἐν
873 748 953 824 τῷ
984 745 1201 821 τεμένεϊ
1231 742 1410 822 τούτῳ
1450 744 1530 804 ἔτι
1560 744 1662 805 τὸν
1694 745 1900 826 χρόνον

290 833 497 892 ἐκεῖνον
535 831 628 891 καὶ
668 830 891 909 οἷνδριιὶς
930 830 1174 892 δυώδεκα
1209 832 1448 912 πηχέων,
1481 831 1738 911 χρύσεος,
1771 859 1898 894 στε-

286 917 431 1000 ρεόςὀ
499 918 606 1000 ἔγω
646 920 752 997 μέν
791 945 891 996 μιν
937 919 1037 979 οὐκ
1082 920 1248 981 εἶδον·
1299 920 1372 980 vd
1418 920 1478 979 δὲ
1513 921 1747 1002 ’λέγεται
1785 920 1896 983 ύπό

287 1006 601 1077 Χαλδαίων,
627 1011 803 1067 ταῦτα
828 1008 999 1089 λέγω.
1056 1008 1234 1087 τούτῳ
1257 1011 1335 1088 τῷ
1360 1006 1641 1085 ἀνδριάντι
1661 1013 1898 1087 Δαρεῖος

286 1093 391 1171 μὲν
427 1094 461 1155 ὁ
498 1094 855 1161 Ὑστάσπεος
896 1095 1330 1173 ἐπιβουλεύσας,
1359 1094 1460 1155 οὐκ
1485 1094 1770 1173 ἐτόλμησε
1794 1099 1895 1156 λα-

284 1190 433 1264 βεῖν·
516 1190 730 1269 Ξέρξης
774 1190 835 1250 δὲ
881 1190 915 1252 ὅ
960 1192 1200 1269 Δαρείου
1247 1192 1444 1267 ἔλαβε,
1493 1191 1586 1249 καὶ
1626 1190 1727 1251 τόν
1775 1193 1895 1270 ἱρέα

284 1275 568 1339 ἀπέκτεινε
608 1278 1029 1359 ἀπαγορεύοντα
1070 1278 1155 1356 μή
1198 1279 1396 1340 κινέειν
1432 1276 1535 1339 τᾶν
1574 1277 1891 1356 α’νδριάντα.

283 1364 351 1424 τό
388 1368 493 1441 μὲν
532 1365 601 1441 δὴ
644 1366 765 1442 ἱρόν
802 1370 972 1426 τοῦτο
1004 1364 1146 1427 οὕτω
1186 1366 1521 1444 κεκόσμητο,
1555 1365 1678 1427 ἔστι
1703 1367 1764 1427 δὲ
1800 1368 1894 1428 καὶ

284 1452 399 1511 ἴδια
424 1450 754 1529 ἀναθήματα
780 1451 993 1513 πολλά.

194 1540 310 1599 184
363 1544 479 1615 Τῆς
502 1539 562 1599 δὲ
590 1540 935 1616 Βαβυλῶνος
956 1539 1162 1617 ταύτης
1187 1540 1399 1600 πολλοὶ
1423 1539 1530 1617 μέν
1545 1566 1645 1602 κου
1673 1542 1766 1601 καὶ
1791 1541 1890 1602 ἅλ-

282 1624 381 1687 λοι
411 1628 665 1710 ἐγένοντο
694 1628 986 1704 βασιλέες,
1010 1631 1122 1689 τῶν
1151 1633 1210 1689 ἐν
1233 1632 1386 1688 τοῖσι
1409 1627 1890 1705 Ἀσσυρίοισιλό·

283 1739 439 1798 γοισι
452 1715 677 1792 μνήμην
700 1714 1029 1792 ποιήσομαι,
1048 1715 1101 1775 οἳ
1114 1714 1188 1776 τοὶ
1203 1714 1392 1795 τείχεά
1409 1740 1471 1776 τε
1491 1715 1890 1793 ἐπεκόσμησαν

286 1803 378 1862 καὶ
396 1802 467 1864 τοὶ
484 1803 595 1882 ἱρά·
622 1808 681 1863 ἐν
697 1802 756 1863 δὲ
781 1803 850 1879 δή
878 1803 970 1863 καὶ
984 1807 1238 1884 γυναῖκες
1253 1802 1370 1863 δύο.
1422 1802 1462 1879 ἦ
1488 1805 1593 1880 μὲν
1616 1803 1891 1881 πρότερον

282 1890 503 1969 ἄρξασα
516 1896 617 1969 τῆς
630 1889 865 1969 ὕστερον
876 1896 1107 1973 γενεῇσι
1123 1892 1288 1952 πέντε
1307 1890 1580 1968 πρότερον
1598 1892 1885 1973 γενομένη,

282 1983 354 2057 τῇ
381 1978 591 2057 οὕνομα
606 1978 677 2055 ἦν
698 1979 1019 2058 Σεμίραμις,
1042 1978 1183 2056 αὕτη
1201 1982 1305 2056 μὲν
1325 1978 1631 2049 ἀπεδέξατο
1650 1979 1888 2059 χώματα

286 2064 391 2126 drot
412 2066 481 2127 τό
511 2067 703 2129 πεδίον
730 2066 892 2128 ε’όντα
919 2066 1236 2144 ἀξιοθέητα·
1278 2065 1552 2145 πρότερον
1578 2068 1638 2128 δὲ
1664 2066 1827 2128 ε’ὥθεε
1852 2066 1886 2128 ὅ

191 2156 305 2215 185
322 2155 573 2233 ποταμὸς
611 2154 717 2215 οἷνοὶ
754 2154 822 2215 τό
862 2156 1053 2216 πεδίον
1079 2160 1194 2215 πᾶν
1222 2156 1562 2236 πελαγίζειν.
1627 2154 1703 2214 Ἡ
1731 2154 1792 2215 δὲ
1817 2153 1888 2231 δὴ

281 2243 533 2322 δεύτερον
570 2246 839 2325 γενομένη
878 2244 1083 2319 ταύτης
1120 2244 1415 2319 βασίλεια,
1455 2247 1527 2322 τῇ
1567 2240 1779 2319 οὕνομα
1815 2240 1887 2318 ἤν

280 2333 569 2408 Νίτωκρις,
587 2329 749 2410 (αὕτη
770 2331 830 2389 δὲ
850 2331 1192 2408 συνετωτέρη
1210 2331 1480 2412 γενομένη
1498 2334 1598 2406 τῆς
1616 2329 1888 2407 πρότερον

282 2417 573 2498 ἅρξάσης,)
631 2422 799 2478 τοῦτο
852 2420 957 2495 μὲν
1009 2417 1346 2496 μνημόσυνα
1391 2418 1616 2477 ἐλίπετο
1660 2416 1733 2477 τοὶ
1777 2418 1888 2499 ε’γῶ

282 2504 672 2587 ἀπηγήσομαι·
722 2509 891 2566 τοῦτο
947 2505 1008 2565 δὲ
1052 2505 1159 2580 τήν
1205 2504 1416 2580 Μήδων
1463 2503 1656 2581 ὁρῶσα
1702 2504 1883 2585 ἀρχὴν

278 2593 536 2675 μεγάλην
568 2617 633 2652 τε
668 2592 761 2651 καὶ
796 2592 897 2652 οὖκ
934 2591 1357 2669 ἀτρεμίζουσαν,
1385 2588 1542 2650 ἄλλα
1565 2617 1630 2652 τε
1660 2592 1885 2672 ἀραιρη-

279 2682 422 2759 μένα
447 2679 627 2742 ἰίστεα
651 2680 874 2741 αὖτοῖσι
898 2685 958 2741 ἐν
984 2680 1047 2739 δὲ
1071 2678 1142 2755 δή
1171 2679 1263 2739 καὶ
1287 2679 1392 2755 τὴν
1421 2683 1614 2751 Νῖνον,
1641 2686 1885 2757 προεφυ-

280 2768 493 2840 λάξατο
532 2767 647 2830 ὅσα
686 2767 915 2829 ε’δύνατο
953 2767 1228 2847 μάλιστα,
1266 2770 1460 2844 πρῶτα
1499 2767 1604 2843 μὲν
1634 2768 1737 2828 τόν
1776 2768 1886 2828 Εὕ-

282 2856 502 2936 φρήτην
539 2855 795 2934 ποταμὸν
832 2857 1031 2934 ῥέοντα
1068 2853 1342 2933 πρότερον
1383 2854 1520 2925 ἰθύν,
1553 2853 1615 2918 ὅς
1644 2862 1758 2933 σφι
1793 2856 1884 2916 διδ,

278 2950 380 3022 τῆς
412 2945 613 3008 πόλιος
646 2945 826 3020 μέσης
851 2946 980 3021 ῥέει,
1006 2947 1208 3003 τοῦτον
1234 2942 1440 3004 ἄνωθεν
1466 2942 1734 3023 διώρυχας
1760 2943 1885 3021 ὀρύ-

280 3033 431 3103 ξασα
471 3032 612 3093 οὕτω
647 3030 717 3108 δή
742 3056 799 3091 τι
836 3032 1068 3107 ἐποίησε
1107 3030 1361 3101 σκολιὰν,
1393 3030 1538 3092 ὥστε
1575 3031 1644 3106 δὴ
1672 3032 1790 3109 τρὶς
1828 3036 1884 3094 ἐς

276 3125 387 3181 τῶν
426 3121 549 3181 τινὰ
594 3119 814 3197 κωμέων
858 3123 969 3178 τῶν
1014 3122 1073 3179 ἐν
1113 3122 1187 3197 τῇ
1231 3117 1514 3199 Ἀσσυρίῃ
1567 3118 1882 3179 ἀπικνέεται

278 3209 434 3287 ῥέων·
474 3214 546 3290 τῇ
572 3209 630 3269 δὲ
656 3205 813 3287 κώμῃ
846 3205 1057 3284 οὔνομά
1090 3210 1215 3265 ε’στι
1256 3210 1312 3269 ε’ς
1349 3204 1455 3282 τὴν
1494 3204 1810 3266 σ’,πικνέεται
1848 3204 1882 3265 ὁ

278 3296 579 3374 Εὐφρήτης
600 3295 944 3374 Ἀρδέρικκα·
987 3292 1079 3354 καὶ
1104 3295 1203 3353 νῦν
1229 3292 1284 3351 οἳ
1315 3290 1384 3353 ἂν
1409 3293 1737 3368 κομίζωνται
1766 3290 1881 3352 ‹ia-<3
