2267 3517
379 135 598 199 53-55]
1051 136 1319 185 omnm.
1880 133 1977 186 227

375 214 564 290 ραννὶς
601 217 796 292 χρῆμα
836 213 1152 290 σφαλερόν·
1192 213 1407 274 πολλοὶ
1446 211 1508 272 δὲ
1536 211 1708 288 αὐτῆς
1746 212 1985 289 ε’ρασταί

378 304 506 372 εἶσι,
533 301 568 362 ὁ
607 302 668 361 δὲ
701 302 876 382 γέρων
901 327 964 360 τε
995 300 1101 376 ἤδη
1144 301 1236 359 καὶ
1262 299 1621 377 παρηβηκώς·
1662 299 1743 377 μὴ
1778 299 1880 376 δῷς
1908 297 1980 359 τὰ

375 393 624 450 σεωυτοῦ
650 389 839 470 άγαθα
865 387 1154 448 ἅλλοισι·”
1192 388 1231 464 ἦ
1257 391 1361 465 μὲν
1386 387 1454 464 δή
1481 387 1555 448 τά
1567 386 1979 496 ἐπαγωγότατα

375 477 708 558 διδαχθεῖσα
747 503 856 536 υπο
896 481 998 536 τοῦ
1037 476 1249 551 πατρὸς
1282 477 1443 556 ἔλεγε
1472 473 1615 552 πρός
1640 473 1823 543 αὐτὸν,
1852 473 1885 534 ὁ
1921 473 1981 533 δὲ

373 563 811 642 ὖποκρινάμενος
837 565 948 639 ἔφη
975 562 1193 639 οὖδαμα
1216 562 1423 639 ἥξειν’
1398 589 1453 626 ες
1479 563 1805 639 Κόρινθον”
1778 560 1892 621 εστ’
1912 587 1981 621 αν

374 651 720 727 πυνθάνηται
746 651 1040 728 περιεόντα
1063 651 1165 710 τόν
1189 652 1425 727 πατέρα·
1466 649 1893 731 ἀπαγγειλάσης
1920 649 1979 708 δὲ

373 739 577 814 ταύτης
610 742 788 798 ταῦτα
823 737 891 798 τό
926 738 1116 814 τρίτον
1151 737 1493 816 Περίανδρος
1518 737 1728 814 κήρυκα
1753 737 1977 813 πέμπει,

373 826 728 902 βουλόμενος
761 824 927 888 αυτός
951 851 1057 902 μεν
1083 829 1140 887 ἐς
1166 824 1517 902 Κέρκυραν”
1480 850 1651 900 ηκειι,
1681 829 1887 884 ἐκεῖνον
1919 824 1979 883 δὲ

376 914 594 973 ἐκέλευε
635 919 691 977 ἐς
732 912 1013 990 Κόρινθον
1052 911 1393 990 ἀπικόμενον
1424 911 1687 990 διάδοχον
1720 913 1979 993 γίνεσθαι

374 1004 476 1076 τῆς
515 1002 852 1078 τυραννίδος·
906 1002 1336 1064 καταινέσαντος
1377 998 1424 1059 δ’
1455 1000 1547 1060 ἐπὶ
1585 1000 1838 1060 τούτοισι
1876 1002 1976 1059 τοῦ

375 1087 589 1159 παιδὸς,
606 1089 638 1149 ὁ
664 1092 769 1167 μὲν
783 1088 1126 1166 Περίανδρος
1149 1089 1454 1148 ἐστέλλετο
1482 1091 1537 1151 ἐς
1562 1086 1667 1163 τήν
1687 1089 1979 1164 Κέρκυραν

377 1174 410 1234 ὁ
442 1175 502 1234 δὲ
539 1180 674 1240 παῖς
711 1179 764 1236 οἱ
802 1181 857 1239 ἐς
889 1175 994 1252 τήν
1032 1175 1331 1252 Κόρινθον·
1372 1174 1644 1252 μαθόντες
1668 1173 1728 1234 δὲ
1753 1177 1807 1234 οῖ
1834 1181 1978 1251 Κερ-

376 1265 592 1338 κυραῖοι
630 1262 839 1323 τούτων
881 1263 1108 1334 ἕκαστα,
1152 1263 1243 1323 ἵνα
1280 1262 1363 1339 μή
1403 1269 1515 1338 σφι
1554 1262 1896 1339 Περίανδρος
1924 1266 1979 1324 ἐς

375 1346 481 1423 τὴν
513 1349 701 1427 χώρην
726 1349 993 1426 ἀπίκηται
1024 1350 1307 1410 κτείνουσι
1340 1348 1440 1410 τὸν
1466 1350 1774 1425 νεηνίσκον.
1856 1348 1979 1409 ἀντὶ

374 1436 581 1497 τούτων
605 1440 710 1514 μὲν
734 1437 1078 1515 Περίανδρος
1104 1438 1481 1515 Κερκυραίους
1506 1438 1845 1515 ἐτιμωρέετο.

454 1525 886 1604 Λακεδαιμόνιοι
911 1525 972 1584 δὲ
997 1524 1189 1603 στόλῳ
1208 1526 1437 1607 μεγάλω
1458 1550 1528 1588 ως
1547 1523 1831 1594 ἀπίκοντο,
1854 1529 1977 1584 ε’πο-
1995 1526 2072 1582 54

375 1612 631 1690 λιόρκεον
665 1613 876 1690 Σάμον·
945 1612 1380 1690 προσβαλόντες
1416 1613 1477 1672 δὲ
1510 1612 1652 1689 πρὸς
1690 1639 1757 1672 το
1792 1616 1978 1690 τεῖχος

372 1704 473 1761 τοῦ
517 1704 623 1778 μὲν
664 1699 808 1780 πρὸς
849 1699 1123 1778 θαλάσσῃ
1168 1702 1437 1763 ἑστεῶτος
1474 1700 1690 1781 πύργου
1732 1700 1871 1760 κατὰ
1911 1726 1977 1760 το

373 1789 713 1864 προάστειον
744 1793 846 1865 τῆς
879 1788 1082 1850 πόλιος
1107 1787 1493 1864 υπερέβησαν·
1534 1788 1677 1864 μετὰ
1704 1788 1779 1858 δὲ,
1808 1787 1980 1848 αὐτοῦ

373 1876 772 1952 βοηθήσαντος
797 1874 1196 1953 Πολυκράτεος
1225 1873 1373 1955 χειρὶ
1404 1879 1615 1952 πολλῇ,
1644 1875 1976 1951 ἀπηλάσθη-

377 1986 508 2022 σαν·
551 1964 691 2023 καταῖ
727 1965 787 2023 δὲ
816 1963 917 2023 τόν
953 1962 1139 2023 ε’πάνω
1170 1962 1386 2043 πύργον
1411 1962 1510 2020 τᾶν
1537 1961 1629 2020 ἐπὶ
1658 1965 1760 2037 τῆς
1784 1962 1981 2040 ῥάχιος

376 2054 479 2108 τοῦ
517 2050 706 2126 οὔρεος
746 2050 996 2121 ἐπεόντα,
1039 2050 1353 2126 ἐπεξῆλθον
1384 2049 1445 2108 οἵ
1473 2074 1535 2108 τε
1572 2050 1853 2125 ἐπίκουροι
1888 2052 1979 2110 καὶ

378 2135 557 2197 αὐτῶν
584 2139 807 2214 Σαμίων
839 2138 1056 2216 συχνοὶ,
1084 2137 1373 2215 δεξάμενοι
1398 2137 1458 2196 δὲ
1482 2136 1611 2200 τούς
1635 2136 1979 2212 Λακεδαιμο-

379 2222 524 2285 νίους
563 2223 648 2284 ἐπ’
680 2223 879 2305 ὀλίγον
916 2224 1121 2303 χρόνον
1162 2226 1400 2306 ἔφευγον
1440 2222 1642 2284 ὀπίσω·
1686 2226 1740 2283 οἱ
1776 2224 1834 2282 δὲ
1867 2230 1980 2283 ε’πι-

377 2309 654 2387 σπόμενοι
689 2313 947 2372 ἔκτεινον.
1011 2316 1085 2371 Εἰ
1115 2312 1221 2388 μέν
1250 2338 1347 2372 νυν
1382 2315 1437 2372 οἱ
1472 2312 1770 2389 παρεόντες
1803 2318 1979 2372 Λακε-
1995 2317 2073 2372 55

378 2395 670 2475 δαιμονίων
698 2399 882 2476 ὁμοῖοι
909 2399 1164 2480 ε’γένοντο
1190 2399 1397 2474 ταύτην
1420 2399 1525 2475 τὴν
1542 2399 1755 2477 ἡμέρην
1778 2399 1978 2479 Ἀρχίῃ

373 2509 436 2542 τε
477 2487 568 2544 καὶ
603 2486 865 2566 Λυκώπῃ,
899 2487 1092 2564 αἱρέθη
1123 2485 1193 2545 ἂν
1225 2486 1434 2562 Σάμος·
1474 2486 1704 2566 Ἀρχίης
1742 2487 1853 2568 γοὶρ
1887 2490 1979 2546 καὶ

374 2573 647 2649 Λυκώπης
676 2578 875 2651 μοῦνοι
906 2573 1356 2636 συνεσπεσόντες
1388 2573 1665 2654 φεύγουσι
1700 2579 1755 2638 ἐς
1778 2574 1845 2634 τὰ
1872 2579 1978 2635 τεῖ-

373 2685 477 2738 χος
515 2665 669 2722 τοῖσι
708 2663 977 2739 Σαμίοισι
1010 2664 1102 2721 καὶ
1142 2660 1617 2737 άποκληῖσθέντες
1655 2665 1757 2738 τῆς
1796 2662 1978 2722 ὀπίσω

375 2749 525 2820 ὁδοῦ,
551 2749 830 2810 ἀπέθανον
857 2755 916 2810 ἐν
940 2753 1012 2828 τῇ
1037 2749 1178 2809 πόλι
1202 2753 1275 2828 τῇ
1302 2750 1544 2826 Σαμίων.
1601 2750 1767 2830 τρίτῳ
1794 2750 1853 2808 δὲ
1879 2750 1973 2809 ἀπ’

373 2835 610 2916 Ἀρχίεω
649 2836 850 2897 τούτου
890 2836 1148 2918 γεγονότι
1186 2835 1345 2917 ἄλλῳ
1383 2835 1601 2916 Ἀρχίῃ,
1642 2840 1720 2916 τῷ
1760 2838 1975 2915 Σαμίου

372 2929 474 2984 τοῦ
511 2924 763 3004 Ἀρχίεω,
800 2922 967 2987 αὖτός
1000 2929 1058 2984 ἐν
1089 2924 1313 3003 Πιτάνῃ
1346 2924 1736 3004 συνεγενόμην,
1774 2924 1977 3003 (δήμου

372 3012 483 3093 γοὶρ
515 3012 715 3072 τούτου
747 3011 859 3092 ἧν,)
889 3011 951 3074 ὃς
983 3012 1174 3081 ξείνων
1199 3011 1419 3073 πάντων
1444 3013 1701 3090 μάλιστα
1728 3011 1889 3087 ἐτίμα
1915 3038 1979 3071 τε

375 3101 636 3178 Σαμίους,
666 3100 764 3159 καί
791 3103 844 3160 οἱ
870 3104 946 3178 τῷ
971 3103 1142 3178 πατρὶ
1170 3103 1279 3177 ἔφη
1314 3100 1529 3176 Σάμιον
1552 3097 1797 3175 τοῦνομα
1819 3100 1979 3175 τεθῆ-

374 3214 468 3250 ναι
494 3189 581 3250 ὅτι
607 3192 662 3249 οἱ
689 3189 720 3248 ὁ
745 3187 932 3265 πατὴρ
957 3186 1190 3267 Ἀρχίης
1217 3194 1276 3248 ἐν
1303 3188 1474 3266 Σάμῳ
1502 3185 1839 3262 ἀριστεύσας
1867 3191 1977 3246 ε’τε-

373 3275 637 3357 λεύτησε·
665 3281 834 3356 τιμᾶν
861 3277 921 3335 δὲ
948 3277 1193 3354 Σαμίους
1219 3277 1345 3352 ἔφη,
1364 3273 1503 3334 διότι
1528 3273 1781 3350 ταφῆναί
1802 3275 1855 3332 οἱ
1878 3273 1979 3335 τᾶν
