2267 3517
327 157 610 223 107—110]
1019 159 1249 211 nmo.
1863 160 1927 209 53

325 238 488 320 ἔλεγέ
511 241 566 298 οἶ
588 236 798 298 τοιάδε·
837 237 1161 319 “’Ἀρπαγε,
1187 242 1423 353 πρῆγμα
1451 237 1519 299 τὰ
1544 236 1611 299 ἄν
1634 263 1726 298 τοι
1750 262 1927 317 προσ-

325 326 434 385 θέω
456 326 724 404 μηδαμῶς
741 352 1104 406 παραχρησῃ·
1137 328 1325 404 μηδὲ’
1299 328 1401 404 εμέ
1422 352 1485 387 τε
1502 325 1817 405 παραβάλῃ
1836 326 1929 386 καὶ

323 413 538 477 ἄλλους
577 414 838 491 ἑλόμενος
885 416 946 485 ἐξ
987 415 1226 493 ὑστέρης
1266 414 1341 475 σι)
1384 418 1563 493 ἑωυτῷ
1600 415 1925 503 περιπέσῃς.

323 500 478 579 λάβε
500 529 600 563 τον
625 502 949 579 Μανδάνη”
921 529 1068 563 ετεκε
1094 504 1285 575 παῖδα,
1308 504 1493 580 φέρων
1512 502 1627 563 δὲ’
1601 528 1657 566 ες
1681 506 1927 563 σεωυτοῦ

325 587 668 654 ἀπόκτεινον·
709 616 854 667 μετα
889 592 964 662 δὲ,
995 592 1177 669 θάψον
1208 592 1395 671 τρόπῳ
1428 590 1565 671 ὄτεω
1591 590 1767 661 affrae,
1788 590 1927 669 βού-

324 678 502 738 λεαι.”
557 678 592 739 ὁ
617 678 677 738 δὲ
701 678 1016 756 ἀμείβεται·
1053 678 1139 739 “ὦ
1164 682 1431 757 βασιλεῦ,
1460 678 1588 739 οὔτε
1612 678 1829 739 ἄλλοτέ
1850 704 1928 738 κω

323 768 578 845 παρεῖδες
604 766 762 844 α’,νδρὶ
784 768 922 846 τῷδε
947 766 1118 847 ἄχαρι
1144 767 1317 840 οὐδὲν,
1338 765 1767 844 φυλασσόμεθά,
1786 792 1851 826 τε
1871 772 1927 830 ἐς

325 855 396 912 σὲ
435 856 528 923 καὶ
566 860 624 918 ἐς
660 855 760 916 τὸν
788 856 1088 933 μετέπειτα
1124 855 1331 934 χρόνον
1367 856 1543 932 μηδὲν
1580 855 1927 931 ἐξαμαρτεῖν·

324 939 456 1001 ἀλλ’
483 944 535 1002 εἴ
562 968 652 1003 τοι
678 944 854 1020 φίλον
877 948 1044 1004 τοῦτο
1070 944 1215 1004 οὕτω
1236 944 1512 1023 γίνεσθαι,
1537 941 1649 1021 χρὴ
1677 942 1745 1017 δή
1770 941 1837 1003 τό
1858 968 1929 1022 γε

325 1028 460 1107 ε’μόν
488 1031 893 1109 ὖπ-ηρετέεσθαι
933 1029 1277 1107 ε’πιτηδέως.”
1348 1030 1615 1090 Τούτοισι
1652 1028 1887 1106 άμειψά-
1909 1032 2021 1089 109

321 1141 488 1193 μενος
513 1118 545 1179 ὁ
567 1118 875 1231 Ἅρπαγος,
904 1118 976 1181 ὥς
1007 1122 1062 1177 οἳ
1087 1117 1371 1194 παρεδόθη
1395 1115 1469 1177 τὰ
1488 1116 1711 1176 παιδίον
1734 1140 1929 1173 κεκοσ-

241 1246 256 1261 .
321 1205 572 1280 μημένον
614 1204 720 1280 τὴν
758 1205 852 1265 ε’πὶ
899 1204 1116 1285 θανάτω
1159 1204 1250 1281 ἤϊε
1295 1205 1504 1264 κλαίων
1543 1208 1599 1267 ἐς
1642 1228 1715 1263 τα
1762 1203 1927 1261 οἰκία.

322 1290 622 1367 παρελθων
659 1292 720 1353 δὲ
761 1293 968 1370 ἔφραζε
1004 1297 1077 1373 τῇ
1117 1297 1321 1354 εωυτοῧ
1358 1294 1579 1375 γυναικὶ
1616 1317 1717 1352 τον
1747 1290 1931 1351 πάντα

321 1374 666 1461 Ἀστυάγεος
697 1381 938 1459 ρηθέντα
973 1381 1167 1464 λόγον,
1199 1381 1239 1459 ἦ
1274 1381 1337 1442 δὲ
1370 1381 1513 1459 πρός
1547 1380 1715 1441 αύτόν
1750 1380 1927 1461 λέγει·

324 1470 464 1527 ι(νῦν
489 1493 564 1528 ων
587 1470 651 1529 τί
671 1494 768 1530 σοι
781 1472 855 1530 ε’ν
877 1468 986 1550 νόῳ
1007 1472 1130 1531 ἐστὶ
1154 1470 1397 1530 ποιέειν·
1383 1469 1436 1539 ,”
1468 1468 1584 1531 οδε
1608 1468 1927 1546 α’μείβεται·

323 1554 466 1616 “ofin
489 1553 532 1635 ᾗ
558 1558 880 1619 ἐνετέλλετο
903 1556 1244 1640 Ἀστυάγης·
1286 1556 1399 1619 οὐδ’
1426 1561 1475 1618 εἰ
1498 1555 1929 1635 παραφρονήσει

320 1667 386 1703 τε
420 1646 513 1705 καὶ
547 1649 802 1723 μανεῖται
842 1645 1034 1707 κάκιον
1067 1646 1107 1724 ἢ
1144 1651 1243 1708 νῦν
1272 1645 1542 1724 μαίνεται,
1572 1644 1638 1705 οὗ
1670 1647 1725 1705 οἱ
1758 1645 1929 1725 ἔγωγε

321 1733 728 1813 προσθήσομαι
774 1738 848 1815 τῇ
899 1734 1111 1817 γνώμῃ,
1160 1733 1288 1795 οὐδὲ
1341 1739 1398 1797 ές
1450 1733 1627 1810 φόνον
1675 1735 1930 1793 τοιοῦτον

322 1817 672 1898 ύπηρετήσω.
737 1827 974 1885 πολλῶν
999 1823 1061 1883 δὲ
1086 1822 1268 1884 εἵνεκα
1301 1821 1366 1882 οὗ
1394 1820 1651 1899 φονεύσω
1676 1844 1793 1898 μιν·
1835 1820 1929 1879 καὶ

324 1902 412 1966 ὅτι
437 1908 582 1989 αύτῷ
605 1935 706 1988 μοι
730 1910 1006 1993 συγγενής
1034 1916 1189 1971 ἔστιν
1214 1910 1248 1971 ὁ
1280 1914 1429 1981 παῖς,
1458 1910 1553 1969 καὶ
1578 1909 1666 1970 ὅτι
1688 1907 1929 1968 Ἀστυά-

323 2016 428 2073 γης
458 1995 562 2071 μέν
595 2002 719 2063 ἐστι
751 1998 930 2079 γέρων
962 1999 1056 2058 καὶ
1091 1997 1261 2062 ἅπαις
1300 1999 1523 2076 ἔρσενος
1550 1995 1743 2077 γόνου·
1784 1998 1835 2053 εἰ
1864 1993 1927 2053 δε

326 2080 576 2155 θελήσει,
620 2082 822 2142 τούτου
869 2085 1329 2161 τελευτήσαντος,
1384 2091 1440 2149 ἐς
1490 2082 1595 2161 τὴν
1649 2081 1929 2163 θυγατέρα

321 2166 531 2245 ταύτην
555 2168 838 2246 ἀναβῆναι
865 2171 904 2246 ἡ
933 2174 1203 2249 τυραννὶς,
1227 2172 1299 2250 ἦς
1328 2176 1427 2235 νῦν
1450 2172 1552 2234 τόν
1577 2170 1699 2232 υἶόν
1730 2169 1927 2229 κτείνει

323 2256 392 2316 δι’
409 2260 560 2334 ε’μεΰ,
576 2254 730 2317 ἄλλο
751 2258 816 2318 τί
826 2255 864 2335 ἦ
882 2260 1137 2321 λείπεται
1158 2262 1225 2322 τό
1252 2264 1501 2324 ε’νθεΰτεν
1521 2259 1646 2339 ἐμοὶ
1672 2256 1929 2319 κινδύνων

322 2343 356 2405 ὅ
379 2345 687 2427 μέγιστοςς
729 2344 886 2407 α’λλᾶ
905 2352 1009 2407 τοῦ
1033 2351 1139 2426 μὲν
1164 2348 1461 2427 ἀσφαλέος
1488 2350 1668 2410 εἵνεκα
1694 2346 1819 2425 ἐμοὶ
1845 2346 1933 2427 δεῖ

320 2438 522 2494 τοῦτον
539 2438 806 2496 τελευτᾶν
827 2435 930 2498 τᾶν
953 2437 1147 2497 παῖδα·
1187 2439 1273 2498 δεῖ
1292 2439 1486 2516 μέντοι
1506 2442 1618 2499 τῶν
1642 2434 1768 2497 τινιὶ1
1791 2433 1927 2494 Ἀσ-

321 2520 556 2602 τυάγεος
589 2521 758 2585 afim?
795 2524 975 2601 φονέα
1006 2526 1290 2607 γενέσθαι,
1330 2526 1423 2585 καὶ
1460 2525 1542 2605 μή
1581 2529 1691 2585 τῶν
1729 2522 1925 2601 ἐμῶν.”

322 2613 512 2669 Ταῦτα
557 2610 694 2683 εἷπε,
736 2614 830 2673 καὶ
866 2611 1067 2674 αὐτίκα
1104 2613 1353 2695 ἄγγελον
1392 2615 1606 2691 ἔπεμπε
1646 2613 1739 2673 ἐπὶ
1775 2615 1888 2671 τῶν
1907 2613 2023 2670 110

289 2729 298 2737 ·
321 2697 617 2773 βουκόλων
660 2705 772 2761 τῶν
809 2698 1156 2784 Ἀστυάγεος
1192 2701 1293 2762 τόν
1330 2701 1613 2778 ἠπίστατο
1652 2699 1827 2777 νομάς
1863 2726 1929 2759 τε

324 2785 755 2861 ἐπιτηδεοντάτας
785 2789 1024 2866 νέμοντα
1054 2790 1150 2849 καὶ
1182 2788 1349 2868 οὔρεα
1375 2790 1808 2869 θηριωδέστατα·
1846 2792 1926 2867 τῷ

324 2869 536 2949 οὔνομα
563 2872 636 2949 ἦν
666 2876 1043 2953 Μιτραδάτης,
1069 2879 1325 2939 συνοίκεε
1359 2876 1420 2938 δὲ
1452 2881 1525 2956 τῇ
1561 2880 1762 2937 ἑωυτοῦ
1795 2901 1925 2936 συν-

323 2958 523 3040 δούλῳ·
565 2958 774 3038 οὕνομα
805 2962 867 3023 δὲ
895 2969 970 3042 τῇ
997 2966 1220 3046 γυναικὶ
1254 2964 1327 3041 ἦν
1353 2968 1428 3044 τῇ
1464 2965 1718 3025 συνοίκεε
1757 2962 1925 3023 Κυνῶ

324 3046 466 3107 κατὰ
489 3047 593 3126 τὴν
616 3047 906 3126 Ἑλλήνων
927 3055 1225 3133 γλῶσσαν,
1254 3053 1395 3113 κατὰ
1429 3052 1490 3112 δὲ
1517 3052 1622 3130 τὴν
1646 3049 1923 3127 Μηδικὴν,

324 3135 548 3199 Σπακώ·
586 3134 692 3213 τήν
720 3135 833 3219 γάρ
865 3138 1002 3200 κύνα
1039 3140 1313 3200 καλέουσι
1344 3138 1541 3200 σπάκα
1576 3138 1786 3212 Μῆδοι.
1868 3138 1927 3193 αἲ

323 3222 382 3284 δὲ
405 3222 656 3304 ὖπῶρεαί
676 3228 788 3287 εἰσι
810 3229 923 3288 τῶν
943 3227 1149 3306 οὐρέων
1169 3228 1299 3289 ἔνθα
1317 3227 1420 3291 τοὶς
1443 3226 1618 3303 νομὰς
1640 3227 1751 3283 τῶν
1768 3222 1933 3297 βοιὶῖνΙ

321 3310 438 3393 εἶχε
463 3311 626 3380 οὗτος
649 3312 718 3392 δὴ
743 3313 778 3375 ὅ
800 3314 1101 3394 βουκόλος,
1121 3314 1265 3393 πρὸς
1287 3315 1474 3392 βορέω
1496 3336 1560 3373 τε
1586 3308 1791 3386 ἀνέμου
1814 3309 1926 3366 τῶν
