2267 3517
304 128 368 181 ⁷6
820 196 824 202 Ι
918 116 1286 178 ἨΡοΔοΤοτ
1837 122 1905 189 [1.

307 206 696 271 κατασκόπους
727 210 839 268 τῶν
867 233 931 268 τε
966 206 1161 283 Κύρου
1192 204 1534 287 πρηγμάτων
1552 203 1658 263 ·καὶ
1681 202 1909 279 Ἰωνίης·

306 292 634 371 ἀπικόμενοι
670 295 730 354 δὲ
762 291 916 355 οὗτοι
947 299 1002 358 ἐς
1036 293 1312 364 Φώκαιαν,
1342 294 1589 368 ἔπεμπον
1616 296 1672 353 ἐς
1708 289 1910 368 Σάρδις

307 381 501 457 σφέων
541 382 720 443 αὐτῶν
757 381 858 443 τόν
898 381 1289 459 δοκιμώτατον,
1322 385 1399 459 τῷ
1440 379 1648 456 οὕνομα
1686 377 1757 455 ἦν
1793 387 1909 439 Λα-

311 470 511 548 κρίνης,
540 469 847 547 ἀπερέοντα
872 470 1041 549 Κύρῳ
1067 468 1516 546 Λακεδαιμονίων
1540 470 1725 545 ῥῆσιν,
1741 466 1791 502 ’“
1802 472 1910 549 γῆς

306 561 408 633 τῆς
431 556 710 621 Ἑλλάδος
733 558 1010 635 μηδεμίαν
1033 557 1206 617 πόλιν
1232 556 1609 634 σιναμωρέειν,
1638 554 1711 619 ὥς
1730 554 1910 616 αὐτῶν

217 646 330 705 153
351 644 415 704 οὗ
455 645 925 724 περιοψομένων.”
989 650 1181 705 Ταῦτα
1223 644 1471 708 εἰπόντος
1512 648 1615 704 τοῦ
1656 643 1907 721 κήρυκος,

220 781 228 788 .
309 733 536 815 λέγεται
570 739 762 811 Κῦρον
793 732 1267 810 ἐπείρεσθαιτοῦς
1291 732 1599 810 παρεόντας
1624 734 1678 791 οἶ
1700 732 1909 809 Ἑλλή-

308 846 416 881 νων
441 831 476 856 “
491 822 633 885 τίνες
659 822 838 885 ἐόντες
874 821 1156 899 ἅνθρωποι
1181 818 1609 897 Λακεδαιμόνιοι
1629 819 1721 879 καὶ
1747 819 1911 881 κόσοι

306 910 544 985 πλῆθος,
559 914 736 970 ταῦτα
761 913 938 989 ἑωυτῷ
961 908 1408 991 προαγορεύουσι
1416 908 1464 978 ;”
1497 906 1911 986 πυνθανόμενον

308 996 372 1055 δέ
386 1005 490 1073 ’μιν
516 1000 688 1058 εἰπεῖν
712 997 853 1075 πρὸς
875 998 976 1058 τὸν
1003 997 1216 1077 κήρυκα
1238 996 1339 1057 τᾶν
1364 996 1741 1075 Σπαρτιήτην·
1767 996 1911 1058 ςὀὐκ

309 1084 497 1145 ἔδεισά
518 1110 594 1143 κω
614 1083 816 1162 ἄνδρας
838 1084 1141 1157 τοιούτους,
1156 1089 1312 1145 τοῖσι
1331 1084 1456 1145 ἐστὶ
1471 1088 1657 1163 χῶρος
1681 1089 1740 1145 ἐν
1757 1085 1910 1164 μέσῃ

305 1177 378 1251 τῇ
402 1172 568 1233 πόλει
595 1172 1047 1255 ἀποδεδεγμένος,
1075 1178 1131 1237 ἐς
1161 1172 1261 1234 τᾶν
1285 1171 1699 1255 συλλεγόμενοι
1732 1172 1911 1249 ἀλλή-

309 1263 446 1323 λους
471 1260 735 1336 ὄμοῦντες
765 1261 1104 1331 ἐξαπατῶσι·
1146 1264 1319 1333 τοῖσι,
1344 1260 1416 1338 ἢν
1442 1260 1551 1342 ἐγώ
1575 1260 1817 1343 ὖγιαίνω,
1844 1260 1910 1322 οὖ

308 1348 382 1407 *rot
409 1347 825 1410 ’Idevaevrdflea
867 1351 1025 1409 ἔσται
1065 1350 1336 1428 ἔλλεσχα,
1373 1347 1529 1409 ἀλλά.
1566 1349 1640 1409 τὰ
1676 1348 1912 1425 οἷκήῖα.”

307 1439 486 1495 ταῦτα
525 1441 579 1499 ἐς
617 1435 749 1500 τοῦς
786 1436 998 1501 πάντας
1026 1437 1316 1513 Ἕλληνας
1349 1436 1623 1516 ἀπέρριψε
1662 1436 1695 1498 ὅ
1726 1442 1914 1515 Κῦρος

309 1521 382 1581 τοὶ
424 1523 574 1594 ἔπεα,
607 1522 696 1584 ὅτι
735 1523 944 1606 ἀγορᾶς
977 1524 1317 1603 κτησάμενοι
1354 1523 1469 1604 ὥνῇ
1492 1551 1556 1586 τε
1581 1526 1675 1585 καὶ
1704 1526 1913 1603 πρήσει

306 1611 596 1688 χρέωνται·
626 1609 785 1672 αὐτοὶ
802 1612 914 1694 γὰρ
942 1616 997 1673 οἱ
1022 1613 1250 1692 Πέρσαι
1266 1612 1510 1695 ἀγορῇσι
1531 1613 1688 1674 οὐδὲν
1704 1613 1915 1675 ἐώθασι

307 1700 578 1776 χρῆσθαι,
621 1699 751 1760 οὖδέ
789 1702 905 1777 σφί
939 1706 1064 1762 ἐστι
1097 1701 1164 1762 τὰ
1198 1700 1466 1780 παράπαν
1505 1701 1704 1784 ἀγορή.
1769 1702 1913 1779 μετὰ

308 1791 487 1847 ταῦτα
515 1789 812 1867 ἐπιτρέψας
836 1788 939 1852 τοῖς
963 1793 1067 1868 μὲν
1084 1789 1289 1867 Σάρδις
1313 1789 1565 1869 Ταβάλῳ
1590 1789 1747 1868 ἀνδρὶ
1767 1792 1913 1869 Πέρσ

312 1899 407 1954 σῃ,
425 1875 524 1937 τόν
551 1877 610 1937 δὲ
632 1877 849 1956 χρυσὸν
873 1877 973 1939 τόν
986 1905 1049 1938 τε
1076 1879 1333 1958 Κροίσου
1360 1878 1454 1939 καὶ
1477 1877 1579 1939 τᾶν
1596 1883 1707 1939 τῶν
1722 1878 1915 1941 ἄλλων

310 1963 506 2025 Λυδῶν
526 1964 761 2046 Πακτύῃ
787 1965 943 2043 ἀνδρὶ
967 1967 1132 2046 Λυδῷ
1158 1968 1417 2045 κομίζειν,
1434 1966 1725 2043 ἀπήλαυνε
1747 1966 1915 2031 αὗτός

313 2055 369 2115 ἐς
394 2050 740 2135 Ἀγβάτανα,
758 2054 1011 2133 Κροῖσόν
1025 2082 1087 2137 τε
1107 2054 1227 2133 ἅμα
1247 2054 1521 2136 ἀγόμενος
1540 2055 1633 2114 καὶ
1648 2055 1779 2119 τούς
1792 2055 1913 2115 Ἴω-

311 2166 410 2204 νας
430 2148 489 2203 ἐν
505 2142 682 2203 οὐδενὶ
696 2142 849 2224 λόγῳ
863 2143 1244 2222 ποιησάμενος
1259 2143 1363 2219 τὴν
1377 2142 1602 2220 πρώτην
1617 2142 1773 2204 εἶναι·
1799 2142 1839 2219 ἥ
1851 2169 1914 2205 τε

309 2229 422 2310 γὰρ
449 2230 732 2308 Βαβυλών
758 2235 813 2291 οἱ
837 2230 906 2307 ἦν
934 2232 1209 2309 ἐμπόδιος,
1240 2230 1416 2291 καὶτὰ
1438 2230 1716 2310 Βάκτριον
1742 2232 1911 2302 ἔθνος,

315 2318 407 2375 καὶ
425 2317 602 2382 Σάκαι
616 2342 679 2377 τε
699 2319 792 2377 καὶ
808 2319 1122 2399 Αἰγύπτιοι·
1143 2319 1227 2378 ἐπ’
1244 2318 1340 2382 οὓς
1361 2320 1577 2398 ἐπείχεε
1597 2323 1914 2397 στρατηλα-

312 2404 455 2464 τέειν
481 2403 660 2473 αὐτ-ὂς,
691 2406 783 2463 ἐπὶ
809 2406 869 2465 δὲ
885 2406 1079 2469 Ἴωνας
1103 2405 1286 2467 ἄλλον
1310 2406 1550 2483 πέμπειν
1575 2407 1913 2489 στρατηγόν.

223 2491 338 2550 154
435 2492 532 2555 Ὡς
571 2492 632 2551 δὲ
671 2490 938 2569 ἀπήλασε
971 2492 1002 2553 ὁ
1037 2498 1227 2571 Κῦρος
1262 2498 1323 2553 ἐκ
1353 2498 1464 2554 τῶν
1497 2495 1759 2571 Σαρδίων,
1786 2494 1916 2559 τοῦς

221 2568 228 2579 ’
315 2579 530 2644 Λυδοῦς
569 2579 860 2657 ἀπέστησε
893 2580 927 2641 0‘
965 2580 1231 2657 Πακτύης
1267 2579 1381 2641 ἀπό
1414 2606 1479 2641 τε
1509 2581 1787 2657 Ταβάλου
1822 2584 1915 2642 καὶ

318 2669 529 2748 Κύρου·
573 2668 827 2751 καταβάς
861 2669 922 2730 δὲ
955 2670 1046 2730 ἐπὶ
1083 2668 1406 2741 θάλασσαν,
1440 2667 1541 2730 ἇτε
1574 2669 1674 2730 τόν
1699 2670 1916 2749 χρυσὸν

272 2812 280 2820 ,
316 2760 455 2837 ἔχων
480 2756 663 2817 πάντα
695 2756 794 2818 τᾶν
821 2754 882 2817 ἐκ
915 2762 1026 2818 τῶν
1057 2757 1321 2835 Σαρδίων,
1350 2755 1669 2834 ἐπικούρους
1705 2784 1769 2817 τε
1802 2763 1915 2835 ἐμι-

316 2847 528 2907 σθοῦτο
568 2845 661 2905 καὶ
700 2844 830 2909 τούς
870 2846 1314 2909 ἐπιθαλασσίους
1364 2844 1689 2923 ἀνθρώπους
1733 2847 1917 2907 ἔπειθε

321 2934 428 2995 σῦν
455 2937 632 3014 ἑωυτῷ
663 2934 1088 3012 στρατεύεσθαι·
1132 2931 1345 2997 ἐλάσας
1377 2934 1437 2994 δὲ
1471 2934 1562 2993 ἐπὶ
1586 2932 1687 2997 τὰς
1714 2933 1918 3010 Σάρδις

317 3022 641 3101 ἐπολιόρκεε
677 3022 953 3099 Τάβαλον
992 3021 1342 3104 ἀπεργμένον
1383 3027 1441 3082 ἐν
1478 3027 1551 3101 τῇ
1590 3021 1916 3099 ἀκροπόλει.

227 3113 340 3174 155
358 3111 686 3190 Πυθόμενος
721 3111 783 3171 δὲ
813 3109 931 3170 κατ’
964 3108 1096 3170 ὄδόν
1129 3114 1307 3171 ταῦτα
1337 3110 1369 3171 ὁ
1401 3115 1605 3188 Κῦρος,
1634 3108 1756 3169 εἷπε
1778 3108 1919 3186 πρὸς

319 3205 576 3279 Κροῖσον
620 3197 773 3261 τάδε·
836 3207 873 3234 “
889 3202 1124 3276 Κροῖσε,
1166 3198 1229 3258 τί
1276 3199 1437 3259 ἔσται
1479 3196 1546 3259 τό
1598 3198 1764 3260 τέλος
1806 3200 1920 3257 τῶν

316 3289 619 3368 γινομένων
654 3286 864 3351 τούτων
913 3286 1073 3364 ἐμοί;
1131 3285 1200 3347 οὗ
1243 3284 1557 3347 παύσονται
1604 3283 1795 3355 Λυδοὶ,
1846 3280 1921 3345 (εἷς
