2267 3517
372 143 469 191 114
988 140 1354 193 τΗΡοΔοΤοτ
1869 141 1968 207 [11.

366 218 613 299 γιηντίων
638 221 691 277 οἱ
718 218 902 295 ἔνερθε
924 222 1027 294 τῆς
1060 219 1262 296 λίμνης
1293 222 1394 295 τῆς
1427 219 1667 296 Μοίριος
1701 220 1972 285 οἰκέοντες

368 304 441 365 τά
462 330 525 365 τε
546 303 699 365 ἄλλα
724 305 901 383 χωρία
922 306 1015 364 καὶ
1038 305 1105 365 τὰ
1132 304 1470 382 καλεόμενον
1497 306 1705 377 Δέλτα,
1731 304 1804 383 ἢν
1829 306 1971 370 οὕτω

366 391 406 467 ἦ
425 391 579 470 χώρη
599 390 737 467 αὕτη
758 392 897 451 κατὰ
915 391 1091 473 λόγον
1108 393 1328 471 ἐπιδιδῷ
1345 398 1400 455 ἐς
1417 392 1558 471 ὕψος
1577 393 1670 453 καὶ
1688 393 1754 454 τὸ
1775 393 1972 471 ὁμοῖον

368 478 611 559 ἀποδιδῷ
653 484 708 543 ἐς
753 478 1007 555 αὔξησιν,
1046 480 1127 558 μὴ
1168 479 1607 551 κατακλύζοντος
1647 479 1822 558 αὐτὴν
1867 488 1969 544 τοῦ

368 569 598 639 Νείλου,
623 567 925 627 πείσεσθαι
959 566 1060 628 τᾶν
1084 566 1270 629 πάντα
1307 565 1511 647 χρόνον
1534 566 1634 628 τὸν
1675 570 1972 633 ἐπίλοιπον

346 704 353 709 .
371 654 665 735 Αἰγύπτιοι
682 653 749 714 τό
776 680 903 714 κοτε
923 653 1081 715 αὐτοὶ
1096 654 1384 733 Ἕλληνας
1405 656 1626 731 ἔφασαν
1645 657 1967 719 πείσεσθαι·

368 741 671 820 πυθόμενοι
693 741 804 823 γὰρ
832 741 902 805 ὥς
924 741 1079 803 ὕεται
1104 746 1268 802 πᾶσα
1290 742 1330 818 ἦ
1348 742 1504 821 χώρη
1527 747 1638 803 τῶν
1659 742 1967 820 Ἑλλήνων,

366 828 501 889 ἀλλ’
528 829 594 891 οὖ
620 833 929 908 ποταμοῖσι
952 829 1176 907 αρδεται
1202 854 1447 908 καταπερ
1473 830 1511 907 ἦ
1539 831 1806 908 σφετέρη,
1835 833 1966 908 ἔφα-

518 928 554 954 “
569 916 858 995 Ελληνας
892 918 1238 995 ψευσθέντας
1279 920 1404 979 κοτὲ
1447 918 1673 983 ε’λπίδος
1716 918 1970 999 μεγάλης

368 1010 547 1069 κακῶς
584 1004 921 1081 πεινήσεινῖἲ
975 1030 1043 1065 το
1084 1005 1219 1066 δὲ*
1190 1030 1320 1068 επος
1343 1009 1510 1065 τοῦτο
1543 1006 1725 1066 ε’θέλει
1762 1008 1966 1087 λέγειν,

343 1091 440 1157 ’ὥς
479 1102 515 1129 “
532 1097 582 1154 εἶ
622 1092 703 1171 μὴ
742 1092 1002 1168 ἐθελήσει
1053 1098 1169 1168 σφι
1209 1093 1324 1154 ὕειν
1364 1120 1396 1153 ο
1435 1092 1564 1156 θεὸς
1599 1092 1733 1153 ἀλλ’
1774 1093 1970 1175 αὐχμῷ

367 1181 723 1260 διαχρᾶσθαι,
750 1184 899 1258 λιμῷ
924 1183 979 1240 οἶ
999 1178 1279 1256 Ἕλληνες
1313 1179 1722 1257 αἱρεθήσονται·
1765 1181 1830 1241 οὗ
1855 1182 1967 1263 γὰρ

366 1268 438 1344 δή
479 1280 592 1345 σφι
634 1273 759 1329 ε’στι
796 1267 995 1331 ὕδατος
1038 1267 1268 1345 οὐδεμία
1299 1266 1454 1345 ἄλλη
1495 1267 1854 1347 ἀποστροφὴ,
1881 1269 1968 1332 ὅτι

365 1355 448 1433 μὴ
476 1362 535 1415 ἐκ
558 1359 660 1415 τοῦ
688 1355 825 1419 Διὸς
841 1353 1099 1432 μοῦνον.”

275 1445 351 1503 14
450 1443 566 1502 Καὶ
598 1446 777 1503 ταῦτα
815 1446 919 1520 μὲν
963 1447 1019 1505 ἐς
1056 1440 1345 1519 Ἕλληνας
1390 1445 1750 1524 Αἰγυπτίοισι
1789 1442 1968 1522 ὀρθῶς

366 1530 567 1609 ἔχοντα
594 1530 823 1607 εἴρηται·
866 1528 1005 1606 φέρε
1032 1529 1092 1589 δὲ
1117 1532 1216 1589 νῦν
1242 1530 1334 1589 καὶ
1360 1528 1584 1592 αὖτοΐσι
1610 1534 1968 1613 Αἰγυπτίοισι

367 1617 439 1681 ὥς
465 1618 579 1697 ἔχει
604 1616 828 1695 φράσω.
872 1617 922 1676 εἶ
940 1623 1052 1692 σφι
1078 1616 1254 1687 θέλοι,
1281 1617 1356 1681 ὥς
1376 1619 1469 1678 καὶ
1493 1618 1766 1697 πρότερον
1794 1620 1965 1693 εἷπον,
1998 1668 2004 1675 .

368 1704 408 1782 ἦ
431 1704 589 1786 χώρη
614 1702 653 1782 ἦ
680 1704 863 1782 ἔνερθε
888 1705 1157 1781 Μέμφιος
1183 1703 1346 1785 (αὕτη
1370 1705 1480 1787 γάρ
1509 1710 1632 1767 ε’στι
1664 1706 1703 1783 ἦ
1739 1704 1966 1778 αὐξανο-

365 1793 527 1872 μένη)
557 1791 699 1853 κατὰ
737 1790 913 1873 λόγον
938 1797 1039 1852 τοῦ
1064 1795 1478 1872 παροιχομένου
1515 1793 1722 1873 χρόνου
1749 1800 1804 1859 ἐς
1826 1795 1967 1875 ὕψος

366 1880 719 1951 αὐξάνεσθαι,
748 1878 897 1940 ἄλλο
921 1905 979 1941 τι
1003 1878 1039 1956 ἢ
1068 1882 1123 1939 οἱ
1146 1880 1321 1960 ταύτῃ
1361 1882 1630 1946 οἰκέοντες
1654 1885 1967 1964 Αἰγυπτίων

365 1968 725 2046 πεινήσουσι;
768 1971 818 2028 εἷ
839 1967 984 2045 μήτε
1007 1994 1075 2049 γε
1100 1966 1304 2029 ὕσεταί
1341 1975 1454 2045 σφι
1479 1968 1520 2045 ἤ
1555 1970 1726 2048 χώρη,
1762 1970 1906 2048 μήτε
1931 1971 1964 2033 ὅ

369 2057 623 2137 ποταμδς
649 2056 765 2121 οἶός
798 2055 847 2117 τ’
890 2058 1052 2117 ἔσται
1090 2061 1147 2120 ἐς
1180 2056 1282 2119 ταῖς
1323 2056 1561 2134 ἀρούρας
1590 2056 1964 2135 ὖπερβαίνειν.

363 2145 402 2224 ἦ
440 2146 553 2227 γὰρ
596 2145 665 2221 δὴ
698 2149 795 2205 νῦν
833 2170 903 2225 γε
944 2141 1099 2204 οὗτοι
1141 2142 1529 2220 ἀπονητότατα
1565 2145 1780 2223 καρπόν
1813 2147 1966 2224 κομί-

365 2234 552 2305 ζονται
580 2237 639 2293 ἐκ
664 2236 786 2313 γῆς,
812 2236 923 2292 τῶν
947 2255 1010 2292 τε
1034 2230 1228 2291 ἄλλων
1253 2230 1556 2309 ἀνθρώπων
1578 2232 1835 2293 ἁπάντων
1874 2234 1966 2294 καὶ

362 2324 474 2379 τῶν
499 2323 713 2379 λοιπῶν
738 2319 1070 2399 Αἰγυπτίων·
1112 2318 1168 2377 οἳ
1196 2316 1324 2377 οὔτε
1349 2317 1568 2398 ἀρότρῳ
1599 2318 1965 2402 ἀναρρηγνύν-

363 2432 455 2469 τες
495 2405 743 2468 αὔλακας
772 2406 968 2484 ἔχουσι
1008 2403 1229 2475 πόνους,
1264 2402 1391 2465 οὔτε
1433 2406 1795 2480 σκάλλοντες,
1839 2408 1968 2470 οὕτε

365 2492 516 2553 ἄλλο
560 2491 916 2573 ἐργαζόμενοι
958 2490 1114 2551 οὐδὲν
1154 2494 1266 2551 τῶν
1306 2489 1485 2552 ὧλλοι
1519 2490 1802 2572 ἅνθρωποι
1839 2497 1968 2575 περὶ

364 2579 529 2655 λήϊον
552 2580 837 2640 πονέουσι·
895 2577 1026 2639 ἀλλ’
1055 2576 1222 2638 ε’πεαν
1249 2585 1361 2654 σφι
1388 2578 1422 2639 ὅ
1447 2581 1700 2659 ποταμὸς
1727 2582 1964 2662 αυτόμα-

361 2692 459 2732 τος
500 2664 827 2727 ε’πελθῶν”
789 2693 941 2745 αρσῃ
968 2691 1068 2729 τας
1107 2663 1366 2744 οἷρούρας,
1391 2692 1573 2745 αρσας
1597 2668 1657 2729 δὲ
1682 2668 1965 2751 ἀπολείπῃ

366 2754 565 2826 ὀπίσω,
605 2751 739 2816 τότε
778 2756 1015 2831 σπείρας
1055 2753 1291 2819 ἕκαστος
1331 2754 1437 2830 τήν
1477 2759 1678 2817 ἑωυτοῦ
1725 2757 1967 2837 ἄρουραν

364 2842 648 2921 ἐσβάλλει
688 2846 744 2907 ἐς
790 2841 963 2918 αὐτὴν
988 2839 1070 2905 ὗς·
1114 2839 1283 2902 ἐπεοῖν
1325 2842 1386 2902 δὲ
1417 2844 1790 2926 καταπατήσῃ
1828 2852 1966 2926 τῇσι

362 2929 465 2992 ὑσὶ
501 2930 569 2991 τό
609 2930 855 3008 σπέρμα,
883 2928 1099 3007 ἄμητον
1137 2928 1207 2990 τό
1239 2928 1353 2991 α’πό
1389 2930 1588 2992 τούτου
1613 2932 1784 3010 μένει·
1827 2933 1964 2995 αἶπο-

365 3017 598 3095 δινήσας
628 3018 687 3077 δὲ
708 3022 848 3097 τῇσι
871 3016 970 3077 ὑσὶ
995 3016 1094 3078 τᾶν
1121 3020 1300 3089 σῖτον,
1329 3017 1472 3079 οὕτω
1500 3020 1802 3096 κομίζεται.

271 3107 347 3167 15
428 3111 501 3167 Εἰ
543 3104 619 3167 ὦν
656 3104 989 3184 βουλόμεθα
1027 3104 1289 3186 γνώμῃσι
1319 3110 1456 3185 τῇσι
1485 3105 1680 3168 Ἰώνων
1717 3109 1970 3186 χρᾶσθαι

363 3194 437 3255 τὰ
473 3194 603 3272 περὶ
642 3194 946 3275 Αἴγυπτον,
974 3193 1035 3253 οἵ
1070 3198 1222 3269 φασι
1259 3193 1326 3254 τό
1355 3195 1547 3254 Δέλτα
1585 3197 1792 3270 μοῦνον
1830 3195 1970 3256 εἶναι

362 3282 665 3363 Αἴγυπτον,
680 3280 794 3343 ἀπὸ
814 3280 1073 3360 Περσέος
1092 3281 1432 3359 καλεομένης
1452 3283 1693 3356 σκοπιῆς
1711 3281 1972 3362 λέγοντες
