2267 3517
380 89 659 152 154—-157J
942 88 1394 136 MEAIIOMENH.
1884 88 1981 135 343

373 166 722 244 χρηστηρίου
770 171 872 225 τοῦ
923 166 1226 247 γενομένου
1273 169 1332 223 ἐν
1375 166 1668 240 Δελφοῖσι
1715 163 1861 245 αὐτῷ
1907 164 2000 224 καὶ

376 252 489 312 α’πό
522 257 623 329 τῆς
654 257 819 329 τιμῆς
856 253 961 329 τὴν
998 253 1136 331 ἔσχε
1170 252 1276 328 τὴν
1302 252 1622 328 ἐπωνυμίην
1639 251 1982 331 ποιεύμενος·

376 343 589 418 Λίβυες
625 341 737 423 γαῖρ
777 342 1033 417 βασιλέα
1073 339 1294 400 Βάττον
1323 341 1612 400 καλέουσι·
1657 340 1749 398 καὶ
1784 340 1986 400 τούτου

380 429 558 488 εἵνεκα
598 427 769 488 δοκέω
812 429 1195 500 θεσπίζουσαν
1223 427 1330 504 τήν
1363 428 1584 502 Πυθίην
1615 428 1854 487 καλέσαι
1887 453 1987 504 μιν

377 518 607 594 Λιβυκῇ
630 515 892 596 γλώσσῃ,
911 516 1115 576 εἰδυῖαν
1137 515 1206 579 ὥς
1223 514 1507 591 βασιλεῦς
1523 514 1681 574 ἔσται
1703 520 1761 574 ἐν
1774 514 1985 594 Λιβύῃ.

380 604 505 662 ἐπεί
538 629 601 663 τε
638 602 751 684 γὰρ
790 601 1045 680 ἠνδρώθη
1078 601 1259 673 οὗτος,
1291 604 1437 674 ηλθε
1469 606 1524 664 ἐς
1558 601 1824 679 Δελφοῦς
1855 603 1983 682 περὶ

376 694 479 766 τῆς
504 695 710 766 φωνῆς·
754 692 1131 768 ε’πειρωτέοντι
1159 691 1222 750 δέ
1245 693 1299 750 οἱ
1325 693 1440 770 χρᾷ
1465 689 1502 765 ἦ
1532 690 1719 765 Πυθίη
1745 691 1895 749 τάδε·

510 793 677 852 Βάττ’,
702 795 785 842 ἐπὶ
808 796 969 855 φωνὴν
990 794 1154 854 ἦλθες·
1191 793 1309 854 ἅναξ
1332 795 1384 844 δέ
1405 811 1464 842 σε
1483 795 1656 856 Φοῖβος
1671 792 1932 842 Ἀπόλλων

511 867 559 916 ἐς
580 867 765 928 Λιβύην
786 868 967 925 πέμπει
988 866 1296 926 μηλοτρόφον
1317 867 1582 924 οἰκιστῆρα.

382 950 572 1029 ὥσπερ
606 956 656 1012 εἰ
688 954 835 1012 εἴποι
859 953 1097 1014 Ἑλλάδι
1128 952 1377 1034 γλώσσῃ
1403 950 1706 1030 χρεωμένη·
1769 949 1856 1009 “‹1’›
1879 951 1990 1027 βα-

382 1043 563 1110 σιλεῦ,
604 1041 695 1099 ε’πὶ
736 1041 928 1118 φωνήν
966 1039 1190 1115 ἦλθες.”
1276 1067 1309 1099 ο
1353 1039 1414 1105 ἃ
1459 1039 1728 1116 ἀμείβετο
1769 1039 1984 1098 τοῖσδε·

384 1138 419 1162 “
450 1127 478 1151 ’
438 1129 647 1197 ωνάξ,
622 1155 728 1208 εγω
754 1131 859 1205 μὲν
882 1128 1064 1204 ἦλθον
1082 1127 1239 1204 παρὰ
1264 1154 1336 1188 σε
1360 1127 1710 1207 χρησόμενος
1735 1126 1864 1204 περὶ
1889 1131 1991 1203 τῆς

384 1220 592 1290 φωνῆς·
635 1217 711 1275 σύ
746 1216 809 1274 δέ
840 1241 939 1293 μοι
971 1215 1127 1275 ἄλλα
1169 1215 1412 1276 οἷδύνατα
1451 1219 1596 1294 χρᾷς
1630 1214 1866 1274 κελευων
1891 1222 1988 1274 Λι-

382 1301 535 1378 βύην
566 1301 888 1373 ἀποικίζειν·
939 1304 1047 1382 τέῳ
1089 1303 1350 1380 δυνάμει·
1335 1349 1351 1373 ,
1407 1303 1530 1409 κοίῃ
1565 1301 1777 1382 χειρί·”
1729 1348 1744 1372 ,
1815 1307 1992 1362 ταῦτα

386 1389 568 1470 λεγων
606 1387 729 1448 οὖκὶ
770 1390 955 1450 ἔπειθε
984 1389 1141 1449 ἅλλα
1175 1417 1228 1449 οι
1259 1395 1424 1470 χρᾶν·
1469 1416 1540 1453 ως
1565 1391 1624 1449 δὲ
1652 1389 1793 1450 κατοὶ
1817 1390 1993 1450 ταῦτα

386 1477 651 1547 ἐθέσπιζέ
690 1479 745 1536 οἱ
785 1477 876 1536 καὶ
907 1477 1199 1555 πρότερον,
1229 1479 1415 1556 οἴχετο
1451 1477 1662 1555 μεταξὺ
1699 1477 1994 1539 ἀπολιπών

385 1563 419 1623 ὅ
462 1565 679 1627 Βάττος
712 1570 766 1629 ές
800 1565 905 1641 τὴν
938 1563 1150 1643 Θήρην.
1219 1566 1382 1626 Mero?
1411 1567 1486 1636 δὲ,
1515 1565 1660 1646 αὐτῷ
1691 1592 1753 1626 τε
1779 1565 1954 1646 τούτῳ
1975 1566 2089 1626 156

388 1653 479 1710 καὶ
505 1657 658 1713 τοῖσι
683 1652 921 1713 ἄλλοισι
941 1655 1242 1731 Θηραίοισι
1263 1657 1603 1732 συνεφέρετο
1623 1653 1994 1735 παλιγκότως.

386 1739 707 1820 ἀγνοεῦντες
740 1741 799 1800 δὲ
830 1741 933 1804 τοῖς
964 1742 1269 1818 συμφοραῖς
1306 1745 1360 1801 οἱ
1391 1746 1640 1819 Θηραῖοι,
1672 1743 1922 1818 ἔπεμπον
1941 1748 1996 1807 ἐς

388 1826 656 1903 Δελφοῧς
693 1829 821 1904 περὶ
862 1832 973 1888 τῶν
1012 1827 1330 1906 παρεόντων
1379 1832 1576 1888 κακῶν·
1630 1829 1668 1904 ἦ
1709 1830 1768 1888 δὲ
1809 1831 1997 1905 Πυθίη

389 1921 501 1990 σφι
528 1917 735 1992 ἔχρησε
761 1916 1127 1996 συγκτίζουσι
1143 1914 1338 1994 Βάττῳ
1369 1914 1630 1990 Κυρήνην
1648 1919 1751 1991 τῆς
1775 1916 1998 1994 Λιβύης

389 1999 615 2075 ἄμεινον
630 2001 882 2078 πρήξειν.
922 2001 1283 2062 ἀπέστελλον
1299 2000 1440 2079 μετοῖ
1471 2006 1648 2061 ταῦτα
1663 2002 1762 2062 τόν
1778 2002 1997 2064 Βάττον

391 2091 445 2146 οἶ
472 2093 705 2165 Θηραῖοι
732 2089 829 2148 δύο
854 2091 1362 2166 πεντηκοντέροισι·
1396 2089 1724 2153 πλώσαντες
1745 2090 1804 2148 δὲ
1821 2095 1876 2153 ἐς
1894 2091 2000 2166 τήν

390 2175 615 2251 Λιβύην
642 2174 813 2247 οὗτοι,
832 2175 898 2236 οὗ
924 2177 1034 2258 γοῖρ
1058 2203 1213 2256 ειχον
1231 2177 1265 2237 ὅ
1283 2204 1338 2238 τι
1364 2177 1596 2236 ποιέωσι
1623 2175 1844 2247 ἅλλο,’
1812 2177 1997 2239 οπίσω

389 2261 843 2324 απαλλοίσσοντο
884 2270 940 2330 ,ἐς
977 2265 1081 2340 τήν
1116 2265 1322 2377 Θήρην·
1367 2268 1421 2324 οῖ
1462 2264 1522 2323 δὲ
1557 2268 1794 2342 Θηραῖοι
1833 2292 1997 2326 κατα-

388 2351 655 2431 γομένους
700 2353 955 2429 ἔβαλλον
996 2354 1087 2411 καὶ
1128 2378 1229 2411 ουκ
1267 2354 1366 2413 ἔων
1405 2355 1478 2432 τῆ
1521 2356 1599 2432 γῇ
1635 2353 1993 2434 προσίσχειν,

392 2437 524 2496 ἀλλ’
566 2436 750 2498 ὀπίσω
789 2438 998 2500 πλώειν
1039 2440 1314 2499 ε’κέλευον·
1363 2443 1416 2499 οἶ
1443 2402 1514 2499 δὲ
1560 2439 1998 2520 ἀναγκαζόμενοι
2051 2459 2062 2467 “

392 2523 575 2584 ὀπίσω
601 2524 917 2596 ἀπέπλωον,
946 2527 1037 2586 καὶ
1066 2528 1292 2588 ἔκτισαν
1307 2531 1484 2596 νῇσον
1505 2529 1596 2587 ἐπὶ
1611 2529 1804 2606 Λιβύῃ
1821 2530 2000 2607 κειμέ-

392 2636 494 2687 νην
510 2617 582 2690 τῇ
610 2612 835 2690 οὔνομα,
855 2613 925 2676 ὥς
954 2614 1046 2673 καὶ
1072 2613 1346 2694 πρότερον
1374 2616 1572 2692 εἰρέθη,
1593 2616 1716 2675 ἐστὶ
1745 2619 1999 2677 Πλατέα.

392 2699 620 2780 λέγεται
648 2699 707 2759 δὲ
732 2701 833 2776 ἴση
862 2701 999 2761 εἶναι
1024 2702 1063 2778 ἦ
1090 2707 1265 2778 νῆσος
1289 2708 1360 2782 τῇ
1387 2708 1483 2763 νῦν
1501 2705 1827 2780 Κυρηναίων
1841 2704 2000 2766 πόλι.

475 2788 693 2865 Ταύτην
734 2790 1004 2853 οἰκέοντες
1036 2789 1197 2850 δύο*
1169 2816 1308 2861 ετεα,
1348 2791 1506 2852 οὐδὲν
1535 2789 1645 2872 γάρ
1685 2799 1798 2868 σφι
1822 2818 1958 2871 χρη-
1981 2791 2094 2853 157

394 2874 536 2935 στὸν
577 2877 989 2964 συνεφέρετο,”
963 2903 1057 2938 ενα
1084 2877 1264 2939 αυτῶν
1301 2879 1702 2942 καταλιπόντες
1727 2907 1781 2939 οι
1807 2882 2002 2940 λοιποὶ

397 2961 597 3026 πάντες
628 2935 913 3024 απέπλεον
947 2971 1001 3028 ἐς
1042 2966 1326 3042 Δελφούς·
1369 2966 1696 3042 ἀπικόμενοι
1723 2967 1836 3025 δὲ’
1810 2967 1902 3025 επὶ
1932 2994 2000 3027 το

393 3050 741 3128 χρηστήριον
769 3054 1053 3132 ἐχρέωντο,
1078 3053 1320 3132 φαμενοι
1348 3056 1542 3114 οικέειν
1566 3078 1627 3111 τε
1651 3053 1757 3128 τὴν
1780 3054 2006 3131 Λιβύην

396 3139 490 3197 καὶ
530 3138 685 3200 οὐδὲν
724 3138 949 3217 ἄμεινον
988 3141 1273 3220 πρήσσειν
1313 3145 1601 3204 οἰκεῦντες·
1642 3141 1680 3217 ἦ
1711 3142 1779 3223 δὲ
1815 3143 2004 3218 Πυθίη

394 3233 511 3303 σφι
536 3226 679 3304 πρὸς
702 3232 881 3290 ταῦτα
906 3233 1021 3310 χρᾷ
1045 3229 1199 3290 τάδε·
