2267 3517
336 97 441 146 ⁸14
956 97 1318 148 ἩΡοΔοτοτ
1811 101 1940 164 [IV

330 174 437 250 τήν
466 161 731 250 ’άπορίην·
773 173 906 233 ἀλλ’
946 174 1013 234 οὗ
1050 200 1166 254 γαρ
1207 175 1392 234 ἔπειθε
1431 177 1840 286 συμβουλεύων
1883 181 1942 240 οἱ

334 287 578 341 χρηστα,
606 260 639 320 ό
679 264 784 337 μὲν
824 261 1119 331 ἐπέπαυτο,
1147 289 1180 321 ο
1219 262 1295 334 δὲ,
1333 263 1522 337 ἐπειδή
1555 265 1610 322 οἱ
1643 264 1716 324 τὰ
1751 265 1942 326 πάντα

332 373 775 425 παρεσκευαστυ,
824 350 1090 424 ἐξήλαυνε
1143 375 1242 408 τον
1287 350 1534 426 στρατόν
1574 354 1636 409 ἐκ
1685 352 1940 415 Σούσων.

238 439 317 496 84
332 434 608 495 Ἐνθαῦτα
646 439 757 494 τῶν
797 437 1065 511 Περσέων
1104 436 1390 512 Οἰόβαζος
1434 435 1634 512 ἐδεήθη
1673 442 1936 514 Δαρείου,

330 527 495 598 τριῶν
528 523 726 595 ἐόντων
758 526 813 582 οἶ
846 524 1056 582 παίδων
1093 524 1188 582 καὶ
1217 523 1438 584 πάντων
1464 527 1938 602 στρατευομένων,

336 610 432 669 ἕνα
484 609 629 688 αὐτῷ
681 611 1145 686 καταλειφθῆναι·
1201 610 1236 670 ὅ
1287 611 1353 670 δέ
1395 615 1453 670 οἱ
1491 612 1621 687 ἔφη,
1667 612 1740 676 οἷς
1781 615 1938 694 ‹paq›

337 696 481 757 ἐόντι
508 698 600 756 καὶ
625 698 861 774 μετρίων
886 697 1124 777 δεομένῳ
1149 696 1363 760 πάντας
1386 697 1516 762 τοῦς
1540 699 1743 763 παῖδας
1769 726 1936 761 κατα-

334 786 569 863 λείψειν·
610 785 643 844 ὁ
674 788 778 861 μὲν
812 785 882 860 δὴ
922 784 1206 860 Οἰόβαζος
1241 785 1548 864 περιχαρής
1585 785 1658 861 ἦν
1698 788 1936 860 ἐλπίζων

330 871 462 934 τοῦς
498 871 648 936 υἱέας
688 873 993 948 στρατηίης
1032 870 1444 942 ἀπολελύσθαι,
1485 873 1519 932 ὅ
1565 873 1627 932 δὲ
1675 875 1936 936 ἐκέλευσε

331 959 461 1022 τούς
485 960 577 1019 ἐπὶ
601 958 807 1020 τούτων
835 963 1182 1023 ἐπεστεῶτας
1205 959 1530 1020 ἀποκτεῖναι
1559 959 1773 1025 πάντας
1801 964 1935 1027 τούς

338 1045 629 1123 Οἰοβάζου
654 1046 873 1109 παῖδας·
901 1046 995 1105 καὶ
1022 1043 1179 1106 οὗτοι
1195 1049 1301 1122 μὲν
1320 1045 1750 1128 ἀποσφαγέντες
1763 1047 1934 1110 αὐτοῦ

334 1133 508 1212 ταύτῃ
535 1135 816 1193 ἐλίποντο.

238 1223 315 1281 85
415 1226 651 1298 Δαρεῖος
672 1221 732 1280 δὲ
752 1221 875 1281 ἐπεί
888 1247 951 1281 τε
968 1221 1338 1298 πορευόμενος
1358 1227 1419 1282 ἐκ
1447 1222 1679 1288 Σούσων
1703 1223 1933 1286 οἷπίκετο

330 1314 431 1384 τῆς
470 1309 864 1387 Καλχηδονίης
904 1309 995 1368 ἐπὶ
1033 1309 1136 1370 τᾶν
1175 1309 1478 1388 Βόσπορον
1520 1310 1610 1370 ἵνα
1642 1312 1860 1383 ἔζευκτο
1893 1317 1932 1390 ἡ

258 1440 267 1448 .
332 1397 567 1476 γέφυρα,
586 1397 833 1456 ἐνθεῦτεν
854 1397 1034 1473 ἐσβὰς
1054 1401 1109 1460 ἐς
1132 1397 1232 1456 νέα
1251 1398 1417 1456 ἔπλεε
1443 1399 1534 1458 ἐπὶ
1552 1397 1652 1461 τὰς
1679 1401 1932 1463 Κυανέας

332 1484 689 1559 καλευμένας,
714 1482 815 1546 τὰς
840 1482 1113 1559 πρότερον
1141 1483 1437 1564 πλαγκτὰς
1463 1481 1744 1559 Ἔλληνές
1781 1491 1932 1560 φασι

336 1569 492 1630 εἶναι·
535 1569 787 1646 ἑζόμενος
827 1569 887 1628 δὲ
928 1570 1021 1628 ἐπὶ
1058 1572 1138 1647 τῷ
1177 1573 1276 1648 ἱρῷ
1306 1571 1524 1647 ἐθηεῖτο
1556 1569 1656 1630 τὸν
1690 1571 1928 1642 Πόντον,

330 1656 495 1718 ἐόντα
534 1656 874 1731 ἀξιοθέητον·
922 1657 1213 1736 πελαγέων
1256 1655 1368 1737 γὰρ
1414 1656 1669 1717 ἁπάντων
1712 1659 1932 1734 πέφυκε

331 1743 813 1821 θωυμασιῶτατος·
853 1747 953 1803 τοῦ
983 1743 1050 1802 τὸ
1085 1746 1191 1820 μὲν
1216 1748 1395 1820 μῆκος
1420 1744 1647 1803 στάδιοί
1671 1749 1781 1806 εἶσι
1807 1749 1928 1806 ἑκα-

328 1830 429 1892 τόν
470 1832 561 1891 καὶ
592 1833 772 1910 χίλιοι
806 1831 899 1890 καὶ
922 1830 1127 1908 μύριοι,
1154 1830 1222 1890 τό
1249 1829 1309 1889 δὲ
1336 1831 1508 1908 εὖρος,
1535 1835 1608 1910 τῇ
1636 1831 1928 1908 εὐρύτατος

330 1917 495 1982 αὕτός
547 1922 762 1994 ἑωυτοῦ,
814 1918 1036 1979 στάδιοι
1086 1917 1399 1995 τριηκόσιοι
1453 1919 1545 1977 καὶ
1595 1921 1925 1999 τρισχίλιοι.

328 2006 526 2068 τούτου
559 2011 661 2068 τοῦ
692 2007 967 2087 πελάγεος
1001 2005 1068 2066 τό
1104 2006 1294 2082 στόμα
1325 2007 1450 2066 ἐστὶ
1483 2006 1638 2084 εὖρος
1661 2009 1928 2085 τέσσερες

330 2093 567 2165 στάδιοι,
611 2098 789 2172 μῆκος
831 2095 892 2154 δὲ
932 2093 1056 2174 [τοῦ
1099 2093 1406 2174 στόματος]
1451 2093 1486 2152 ὁ
1527 2093 1708 2174 αὖχῆν
1745 2088 1822 2156 ‘td'
1855 2095 1924 2172 δη

329 2180 627 2259 Βόσπορος
655 2182 933 2257 κέκληται,
960 2179 1077 2240 κατ’
1104 2208 1136 2240 ο
1197 2181 1233 2257 ἡ
1261 2180 1542 2250 ἔζευκτοε
1503 2207 1540 2256 η
1565 2183 1858 2262 γεφυρα,’
1831 2184 1924 2242 επὶ

331 2271 591 2332 σταδίους
632 2269 811 2328 εἴκοσι
856 2269 949 2327 καὶ
995 2268 1190 2330 ἑκατόν
1231 2273 1373 2330 ἐστι·
1424 2268 1590 2328 τείνει
1636 2268 1684 2328 δ’
1727 2274 1782 2333 ἐς
1820 2271 1926 2346 Τῆν

328 2355 687 2432 Προποντίδα
732 2355 766 2415 ὁ
808 2355 1124 2432 Βόσπορος·
1179 2380 1218 2430 η
1267 2355 1326 2414 δὲ
1373 2356 1705 2432 Προποντὶς,
1750 2360 1924 2418 ἐοῦσα

326 2468 481 2519 ευρος
498 2445 602 2519 μὲν
622 2443 861 2503 σταδίων
880 2442 1259 2503 πεντακοσίων
1277 2446 1455 2517 μῆκος
1473 2443 1533 2502 δὲ
1551 2445 1924 2520 τετρακοσίων

326 2530 416 2588 καὶ
461 2530 677 2608 χιλίων,
720 2529 1006 2592 καταδιδοῖ
1048 2535 1104 2592 ἐς
1153 2529 1251 2590 τόν
1290 2529 1721 2605 Ἑλλήσποντον
1761 2531 1922 2593 ἐόντα

322 2616 633 2693 στεινότητι
651 2619 755 2694 μὲν
780 2617 920 2678 ἑπτὰ
944 2616 1205 2680 σταδίους
1227 2621 1404 2693 μῆκος
1425 2617 1485 2676 δὲ
1509 2619 1919 2694 τετρακοσίους·

322 2704 526 2764 ἐκδιδοῖ
558 2705 619 2764 δὲ
658 2704 690 2764 ὁ
729 2703 1160 2780 Ἑλλήσποντος
1203 2709 1259 2768 ἐς
1297 2702 1502 2783 χάσμα
1533 2704 1812 2787 πελάγεος
1852 2707 1920 2768 τό

225 2793 301 2852 86
320 2791 389 2868 δὴ
430 2795 665 2874 Αἰγαῖον
704 2793 975 2853 καλέεται.
1060 2791 1445 2873 (Μεμέτρηται
1487 2791 1552 2858 δὲ,
1578 2796 1756 2853 ταῦτα
1793 2790 1918 2853 ὦδε·

320 2883 451 2955 νηῦς
476 2880 701 2943 ,ἐπίπαν
750 2878 1009 2957 μάλιστά
1055 2905 1125 2954 κη
1165 2878 1422 2939 κατανύει
1451 2883 1530 2940 ’ἐν
1565 2881 1920 2960 μακρημερίῃ

323 2965 546 3048 ὀργυιὰς
570 2966 1019 3043 ἑπτακισμυρίας,
1046 2965 1242 3031 νυκτός
1273 2964 1334 3027 δὲ
1360 2964 1768 3043 ἑξακισμυρίας·
1809 2965 1919 3044 ἤδη

321 3052 395 3112 ὧν
420 3059 477 3117 ἐς
500 3056 605 3130 μὲν
628 3053 811 3114 Φάσιν
836 3051 948 3111 οἷπό
974 3056 1073 3111 τοῦ
1102 3051 1630 3128 στόματος-τοῦτο
1654 3053 1767 3133 γάρ
1793 3058 1917 3114 ἐστι

314 3143 415 3198 τοῦ
441 3140 665 3202 Πόντου
690 3136 1376 3216 μακρότατον-ἡμερέων
1395 3137 1552 3197 ἐννέα
1583 3138 1764 3202 πλόος
1791 3140 1916 3200 ἐστὶ

385 3224 405 3247 “
430 3228 638 3286 νυκτῶν
667 3224 830 3286 ὀκτώ·
874 3221 1037 3284 αὗται
1074 3223 1264 3282 ἕνδεκα
1297 3220 1556 3299 μυριάδες
1589 3225 1680 3282 καὶ
1718 3225 1914 3286 ἑκατὸν
