2267 3517
388 86 681 152 ‚135-139]
750 127 763 141 ,
1008 87 1464 138 MEAIIOMENH.
1903 95 1996 142 335

395 168 584 228 θεοῖσί
621 194 684 228 τε
738 166 831 226 καὶ
869 165 1121 247 Σκύθῃσι
1165 167 1366 231 εἰδότες
1405 166 1589 246 χάριν·
1636 167 1736 229 τὸν
1770 169 1831 229 δὲ
1865 173 1999 249 πρό-

392 273 555 332 τερον
594 255 753 316 ἐόντα
788 253 969 332 ὖμέων
1002 254 1284 330 δεσπότην
1312 255 1471 332 ἡμεῖς
1508 258 1999 335 παραστησόμεθα

308 347 317 350 ’
394 345 461 404 οἵ
462 371 553 414 τω,
610 344 756 405 ὥστε
811 345 902 404 ἐπὶ
960 343 1248 421 μηδαμούς
1311 344 1390 404 ἔτι
1449 343 1773 423 ἀνθρώπους
1825 347 1996 409 αὐτὸν
2041 401 2046 406 .

393 431 905 511 στρατεύσασθαι.”

474 521 633 599 Πρὸς
663 526 839 582 ταῦτα
866 524 920 581 οἱ
946 521 1131 584 Ἴωνες
1160 521 1550 598 ἐβουλεύοντο.
1633 524 1956 608 Μιλτιᾷδεω
1976 529 2090 587 137

390 613 496 689 μὲν
520 615 620 671 τοῦ
651 610 953 688 Ἀθηναίου
956 609 1422 722 στρατηγέοντος
1459 612 1550 670 καὶ
1575 613 1996 689 τυραννεύοντος

392 699 855 776 Χερσονησιτέων
905 702 1015 758 τῶν
1076 703 1133 758 ἐν
1191 696 1600 777 Ελλησπόντῳ
1652 699 1722 776 ἦν
1779 701 1992 782 γνώμη,

392 788 689 847 πείθεσθαι
717 785 969 864 Σκύθῃσι
990 785 1082 844 καὶ
1108 785 1436 861 ἐλευθεροῦν
1460 784 1688 862 Ἰωνίην·
1719 787 1989 849 Ιστιαίου

392 874 452 932 δὲ
492 879 593 934 τοῦ
637 875 931 950 Μιλησίου
974 873 1192 947 ἐναντίη
1239 871 1430 951 ταύτῃ,
1475 873 1738 953 λέγοντος
1781 875 1852 938 ὥς
1899 881 1994 936 νῦν

390 965 494 1038 μὲν
534 961 625 1022 διαῖ
668 966 908 1040 Δαρεῖον
950 962 1184 1024 ἕκαστος
1216 960 1398 1020 αὐτῶν
1425 961 1739 1037 τυραννεύει
1768 962 1990 1026 πόλιος·

390 1055 491 1125 τῆς
532 1051 772 1127 Δαρείου
809 1050 868 1108 δὲ
902 1047 1159 1125 δυνάμιος
1193 1048 1623 1125 καταιρεθείσης,
1656 1047 1781 1108 οὔτε
1821 1050 1988 1114 αύτὸς

391 1125 693 1212 Μιλησίων
729 1135 844 1200 οἷός
870 1161 945 1196 ,τε
991 1138 1150 1196 ἔσται
1191 1135 1382 1214 ἄρχειν
1418 1135 1543 1195 οὔτε
1579 1135 1760 1196 ἄλλον
1797 1137 1993 1198 οὐδένα

392 1222 665 1300 ούδαμῶν·
722 1223 1121 1299 βουλήσεσθαι
1174 1224 1284 1305 γὰρ
1339 1223 1580 1299 ἑκάστην
1624 1228 1735 1284 τῶν
1780 1227 1993 1290 πολίων

391 1310 869 1388 δημοκρατέεσθαι
894 1315 1121 1387 μᾶλλον
1148 1310 1185 1387 ἢ
1211 1310 1658 1389 τυραννεύεσθαι.
1723 1311 1992 1373 Ἱστιαίου

390 1398 450 1458 δὲ
494 1399 720 1479 γνώμην
764 1398 973 1475 ταύτην
1016 1397 1496 1480 ἀποδεικνυμένου,
1545 1399 1744 1459 αὐτίκα
1790 1400 1992 1465 πάντες

387 1484 538 1562 ἦσαν
582 1488 948 1564 τετραμμένοι
990 1486 1129 1564 πρὸς
1169 1487 1376 1563 ταύτην
1419 1487 1523 1563 τὴν
1567 1487 1808 1569 γνώμην,
1856 1489 1991 1566 πρό-

386 1599 548 1652 τερον
582 1575 685 1652 τήν
716 1574 1037 1636 Μιλτιάδεω
1078 1576 1406 1653 αἱρεόμενοι.
1461 1575 1663 1635 ’Ha-av
1699 1576 1758 1634 δὲ
1795 1573 1950 1637 οὗτοι
1971 1578 2086 1637 138

390 1665 447 1727 οἱ,
470 1663 825 1741 διαφέροντές
858 1689 920 1724 τε
951 1664 1054 1738 τήν
1090 1669 1288 1743 ψῆφον
1321 1665 1413 1724 καὶ
1442 1663 1622 1728 ἐόντες
1647 1663 1825 1746 λόγου
1851 1665 1992 1742 πρός

354 1795 361 1800 -
386 1751 693 1828 βασιλῆος·
734 1751 1200 1827 Ἑλλησποντίων
1235 1755 1339 1828 μὲν
1369 1751 1641 1829 τύραννοι,
1672 1752 1893 1828 Δάφνις
1927 1779 1989 1813 τε

386 1836 716 1916 Ἀβυδηνὸς,
762 1840 853 1898 καὶ
888 1839 1200 1901 Ἵπποκλος
1245 1839 1642 1915 Λαμψακηνός,
1687 1840 1777 1896 καὶ
1823 1838 1988 1916 Ἡρό-

389 1932 600 2002 φαντος
646 1925 949 2034 Παριηνὸς,
994 1950 1086 1983 και
1133 1926 1507 2002 Μητρόδωρος
1549 1926 1986 2001 Προκοννήσιος,

389 2014 481 2072 καὶ
519 2011 928 2093 Ἀρισταγόρης
970 2012 1293 2087 Κυζικηνος,
1337 2014 1428 2071 καὶ
1467 2011 1742 2088 Ἀρίστων
1781 2013 1982 2085 Βυζαν

386 2126 522 2163 τιος·
582 2125 735 2160 ουτοι
786 2102 889 2176 μὲν
940 2097 1091 2176 ἦσαν
1144 2103 1198 2160 οἱ
1250 2100 1313 2170 ἐξ
1360 2098 1810 2176 Ἑλλησπόντου.
1893 2100 1989 2160 ἀπ’

386 2187 591 2264 Ἰωνίης
631 2188 707 2257 δὲ,
758 2187 1026 2266 Στραττις
1065 2214 1129 2248 τε
1175 2192 1332 2258 Χῖος,
1366 2189 1458 2247 καὶ
1499 2186 1710 2262 Αἰάκης
1759 2187 1986 2264 Σάμιος,

388 2275 481 2334 καὶ
532 2275 832 2354 Λαοδάμας
884 2275 1180 2345 Φωκαιεύς,
1225 2276 1317 2335 καὶ
1368 2275 1633 2337 Ἱστιαῖος
1681 2275 1987 2351 Μιλήσιος,

388 2367 487 2422 τοῦ
521 2362 591 2438 ἦν
625 2363 818 2444 γνώμη
847 2363 885 2439 ἦ
920 2364 1256 2442 προκειμένη
1291 2365 1508 2440 ἐναντίη
1545 2366 1617 2441 τῇ
1645 2363 1986 2424 Μιλτιάδεω.

386 2452 635 2512 Αἰολέων
680 2451 741 2510 δὲ
792 2456 977 2529 παρῆν
1028 2451 1266 2534 λόγιμος
1307 2455 1522 2528 ,μοῦνος
1574 2449 1985 2532 Ἀρισταγόρης

388 2544 663 2615 Κυμαῖος.
2052 2620 2055 2623 ¹

469 2624 642 2688 Οὗτοι
668 2627 742 2688 ὧν
768 2628 893 2688 ἐπεί
912 2654 974 2689 τε
999 2628 1103 2706 τήν
1127 2628 1396 2689 Ἱστιαίου
1425 2627 1675 2705 αἱρέοντο
1702 2625 1946 2709 γνώμην,
1968 2629 2080 2687 139

346 2795 349 2798 ἢ
386 2714 541 2784 ἔδοξέ
578 2721 690 2791 σφι
725 2715 867 2794 πρὸς
898 2720 1075 2777 ταῦτα
1112 2716 1245 2778 ταδε
1281 2718 1414 2798 ἔργα
1442 2741 1506 2776 τε
1533 2715 1624 2775 καὶ
1650 2716 1784 2780 ἔπεα
1809 2741 1990 2793 προσ-

388 2804 581 2863 θεῖναι·
622 2808 723 2880 τῆς
748 2831 853 2881 μεν
887 2805 1140 2914 γεφύρης
1171 2804 1325 2865 λύειν
1348 2805 1419 2865 τοὶ
1449 2803 1588 2865 κατοῖ
1615 2804 1744 2866 τούς
1771 2804 1989 2869 Σκύθας

386 2890 565 2961 ἐόντα,
612 2891 767 2952 λύειν
814 2893 873 2951 δε
920 2916 1062 2952 οσον
1100 2892 1343 2969 τόξευμα
1387 2892 1699 2961 ἐξικνέεται·
1760 2891 1848 2950 ἵνα
1896 2891 1989 2948 καὶ

384 2980 591 3038 ποιέειν
628 3005 711 3039 τι
706 2979 961 3040 δοκεωσι
998 2984 1281 3043 ποιεῦντες
1320 2980 1508 3056 μηδὲν,
1545 2979 1637 3037 καὶ
1678 2979 1732 3036 οἱ
1772 2975 1984 3040 Σκύθαι

382 3066 465 3144 μὴ
506 3067 781 3146 πειρῴατο
826 3067 1097 3146 βιώμενοι
1143 3068 1262 3151 [καὶ
1304 3064 1674 3146 βουλόμενοι]
1721 3065 1989 3142 διαβῆναι

383 3155 484 3216 τόν
516 3155 749 3234 Ἴστρον
793 3157 935 3218 κατοὶ
973 3156 1079 3234 τήν
1112 3158 1385 3239 γέφυραν·
1438 3156 1610 3213 εἰπεῖν
1647 3177 1710 3213 τε
1751 3151 1990 3216 λύοντας

383 3248 485 3321 τῆς
525 3245 773 3328 γεφύρης
813 3246 879 3308 τό
924 3250 980 3308 ἐς
1024 3245 1129 3322 τὴν
1179 3242 1456 3318 Σκυθικὴν
1499 3242 1644 3318 ἔχον,
1689 3239 1760 3303 ὥς
1806 3239 1988 3299 πάντα
2042 3318 2188 3390 Δ
2227 3285 2232 3414 ¹

1689 3367 1707 3388 ‹
