2267 3517
343 145 438 194 258
951 145 1320 196 ‘HPOAO'I'OT
1810 143 1943 207 [III.

248 226 363 285 119
381 225 618 304 αὒχενας
641 225 836 301 σφέων
862 225 1043 301 ἔδησε,
1070 223 1165 282 καὶ
1191 221 1391 298 ἀπῆκε·
1434 226 1510 284 Οἳ
1528 223 1685 306 δὲθτῷ
1707 225 1953 301 βασιλέῖ

342 310 624 372 δεικνύασι
649 311 893 380 ἐωυτοῦς,
923 311 1015 370 καὶ
1038 310 1145 386 τήν
1172 311 1353 385 αἰτίην
1380 310 1537 385 εἷπον
1562 310 1630 370 δι’
1644 310 1717 386 ἣν
1742 336 1949 372 πεπον-

344 399 502 462 θότες
527 399 742 474 εἴησαν·
784 403 1021 475 Δαρεῖος
1047 399 1123 467 δὲ,
1142 397 1471 475 οἷρρωδήσας
1494 399 1576 476 μὴ
1604 404 1767 479 κοινῷ
1792 399 1949 481 λόγῳ

341 490 396 548 οἶ
436 488 499 557 ἐξ
534 486 898 563 πεποιηκότες
931 488 1062 547 ἔωσι
1091 491 1289 556 ταῦτα,
1316 486 1820 565 μεταπεμπόμενος
1852 489 1951 548 ἕνα.

341 575 595 646 ἕκαστον,
637 572 979 652 ἀπεπειρᾶτο
1015 574 1241 655 γνώμης
1278 579 1330 635 εἰ
1360 575 1689 636 συνέπαινοί
1725 579 1838 635 εἰσι
1870 579 1951 656 τῷ

340 663 712 743 πεποιημένῳ·
755 663 881 723 ἐπεί
904 689 968 723 τε
1003 663 1064 722 δὲ
1099 663 1333 738 ἐξέμαθε
1360 662 1434 727 ὥς
1458 662 1525 723 οὔ
1550 661 1661 724 σῦν
1686 663 1949 724 ἐκείνοισι

344 751 428 827 εἴη
458 755 636 810 ταῦτα
672 749 999 826 πεποιηκῶς,
1027 751 1208 826 ἔλαβε
1234 749 1403 811 αὐτόν
1426 776 1490 810 τε
1525 749 1628 812 τόν
1661 749 1947 830 Ἰνταφέρ-

345 861 444 898 νεα
480 838 572 897 καὶ
595 837 726 902 τοῦς
750 838 952 902 παῖδας
977 837 1149 898 αὐτοῦ
1176 837 1271 897 καὶ
1294 837 1424 901 τούς
1448 838 1691 914 οἶκηΐους
1715 837 1947 910 πάντας,

343 926 572 989 ἐλπίδας
610 925 836 990 πολλὰς
870 927 1011 1006 ἔχων
1036 924 1181 1002 μετὰ
1216 927 1328 986 τῶν
1354 925 1669 1006 συγγενέων
1700 950 1800 1001 μιν
1831 930 1945 986 ἐπι-

338 1014 640 1090 βουλεύειν
693 1018 748 1074 οῗ.
801 1014 1211 1075 ἐπανάστασιν·
1280 1011 1598 1089 συλλαβῶν
1646 1012 1711 1074 δέ
1761 1019 1947 1090 σφεας

340 1102 507 1178 ἔδησε
541 1103 645 1177 τήν
686 1103 779 1162 ἐπὶ
815 1101 1053 1181 θανάτῳ·
1091 1101 1131 1178 ἦ
1166 1101 1227 1160 δὲ
1255 1100 1397 1182 γυνή
1432 1105 1533 1162 τοῦ
1564 1100 1948 1178 Ἰνταφέρνεος

342 1190 653 1265 φοιτέουσα
693 1190 785 1249 ἐπὶ
813 1189 914 1253 τοὶς
940 1189 1110 1266 θύρας
1134 1191 1236 1248 τοῦ
1263 1189 1560 1264 βασιλέος,
1588 1190 1855 1254 κλαίεσκε
1878 1188 1948 1250 ἂν

343 1278 438 1336 καὶ
481 1275 834 1354 ὀδυρέσκετο·
882 1281 1141 1336 ποιεῦσα.
1167 1276 1227 1336 δὲ
1268 1277 1377 1336 αἰεὶ
1414 1274 1592 1336 τῶυτὸ
1631 1275 1816 1348 τοῦτο,
1846 1276 1947 1338 τὸν

342 1367 582 1441 Δαρεῖον
623 1365 811 1425 ἔπεισε
852 1364 1122 1441 οἰκτεῖραί
1156 1389 1273 1440 μιν·
1324 1365 1553 1442 πέμψας
1594 1363 1656 1422 δὲ
1700 1363 1947 1446 ἄγγελον

339 1451 498 1531 ἔλεγε
509 1445 687 1510 ’τάδε
729 1462 766 1488 “
785 1452 827 1510 ὦ
861 1451 1041 1531 γύναι,
1074 1450 1355 1529 βασιλεύς
1392 1476 1483 1510 τοι
1524 1454 1765 1528 Δαρεῖος
1805 1453 1949 1514 διδοῖ

339 1538 436 1597 ἕνα
459 1541 569 1598 τῶν
595 1537 893 1614 δεδεμένων
917 1539 1140 1614 οἰκηίων
1164 1538 1465 1615 ῥύσασθαι,
1490 1537 1592 1599 τᾶν
1616 1538 1859 1615 βούλεαι
1882 1545 1945 1600 ἐκ

336 1623 609 1684 mimum-’⁹
647 1624 688 1700 ἦ
715 1625 774 1684 δὲ
799 1625 1237 1702 βουλευσαμένη
1261 1625 1625 1703 ὑπεκρίναντο
1648 1626 1800 1686 τάδε·
1842 1639 1879 1664 “
1896 1632 1947 1688 εἰ

335 1713 442 1788 μὲν
469 1711 538 1788 δή
562 1737 662 1789 μοι
689 1712 836 1772 διδοῖ
857 1712 1142 1789 βασιλεῦς
1174 1711 1293 1777 ἐνός
1323 1713 1428 1788 τήν
1455 1712 1659 1792 ψυχὴν,
1689 1715 1944 1793 αἱρέομαι

338 1805 400 1859 ἐκ
440 1798 662 1861 πάντων
699 1799 804 1861 τόν
841 1797 1176 1878 σῖδελφεόν.”
1243 1801 1557 1877 πυθόμενος
1598 1801 1658 1860 δὲ
1704 1807 1944 1881 Δαρεῖος

333 1892 512 1949 ταῦτα
556 1889 650 1950 καὶ
693 1888 996 1968 θωυμάσας
1035 1889 1139 1950 τᾶν
1176 1888 1372 1970 λόγον,
1413 1890 1644 1968 πέμψας
1686 1888 1940 1972 ἠγόρευε·

338 1986 374 2013 “
391 1975 434 2036 ὦ
458 1976 638 2059 γύναι,
671 1979 868 2058 εἰρωτᾷ
895 2004 964 2039 σε
988 1977 1287 2056 βασιλεῦς,
1312 1977 1439 2038 τίνα
1478 1977 1693 2056 ἔχουσα
1716 1977 1942 2059 γνώμην

334 2064 436 2125 τᾶν
459 2064 633 2143 ἄνδρα
655 2091 720 2126 τε
746 2067 840 2125 καὶ
863 2066 937 2126 τοὶ
959 2066 1126 2127 τέκνα
1152 2068 1629 2146 ἐγκαταλιποῦσα,
1653 2065 1756 2126 τᾶν
1780 2065 1941 2127 ἀδελ-

336 2152 481 2228 φεὸν
522 2154 671 2212 εἵλευ
701 2153 976 2230 περιεῖναί
1002 2180 1113 2215 τοι·
1156 2151 1219 2216 ὃς
1256 2153 1350 2213 καὶ
1385 2151 1829 2232 ἀλλοτριώτερός
1852 2179 1941 2215 τοι
2002 2205 2017 2212 -

333 2243 444 2301 τῶν
484 2241 711 2310 παίδων,
755 2243 847 2300 καὶ
899 2239 1090 2316 ἧσσον
1145 2240 1548 2320 κεχαρισμένος
1597 2245 1699 2302 τοῦ
1742 2240 1941 2318 ἀνδρός

335 2326 511 2387 ἐστι.”
575 2328 616 2402 ἦ
637 2328 683 2387 δ’
709 2327 981 2406 α’μείβετο
1005 2328 1219 2390 τοῖσδε·
1261 2338 1297 2365 “
1314 2326 1358 2387 ὦ
1380 2329 1649 2405 βασιλεῦ,
1670 2327 1811 2406 ἀνὴρ
1834 2329 1941 2407 μέν

334 2440 436 2491 μοι
469 2413 539 2475 ἂν
569 2414 749 2480 ἄλλος
786 2417 1007 2497 γένοιτο
1049 2421 1098 2477 εἰ
1142 2416 1350 2493 δαίμων
1392 2416 1596 2487 ἐθέλοι,
1639 2416 1735 2477 καὶ
1772 2418 1941 2478 τέκνα

331 2502 486 2562 ἄλλα
527 2507 576 2562 εἰ
609 2507 785 2564 ταῦτα
823 2502 1203 2583 ἀποβάλοιμι·
1243 2502 1457 2581 πατρὸς
1488 2503 1549 2563 δὲ
1591 2504 1686 2563 καὶ
1723 2504 1938 2582 μητρός

333 2590 434 2650 οὐκ
469 2591 550 2651 ἔτι
574 2616 681 2669 μευ
707 2590 969 2663 ζωόντων,
997 2590 1277 2669 ἅδελφεός
1306 2589 1375 2652 ἂν
1402 2590 1584 2655 ἄλλος
1610 2589 1790 2652 οὐδενὶ
1812 2590 1939 2669 τρό-

329 2705 419 2758 πῳ
436 2679 676 2761 γένοιτο·
702 2679 879 2758 ταύτῃ
897 2684 970 2759 τῇ
988 2678 1185 2762 γνώμῃ
1204 2680 1507 2759 χρεωμένη,
1528 2679 1695 2749 ἔλεξα
1712 2677 1939 2740 ταῦταῖ·

332 2765 392 2825 εὖ
416 2792 480 2826 τε
506 2765 574 2844 δὴ
602 2766 755 2837 ἔδοξε
779 2771 858 2846 τῷ
885 2768 1102 2848 Δαρείῳ
1123 2771 1295 2828 εἰπεῖν
1314 2766 1353 2843 ἦ
1379 2766 1538 2848 γυνή,
1556 2766 1656 2827 καί
1677 2769 1733 2826 οἱ
1758 2765 1940 2843 οἷπῆκε

327 2853 530 2916 τοῦτόν
563 2879 625 2914 τε
655 2855 758 2915 τὸν
792 2858 1126 2933 παραιτέετο
1153 2855 1244 2915 καὶ
1268 2859 1379 2916 τῶν
1403 2854 1615 2914 παίδων
1637 2853 1741 2915 τόν
1765 2880 1937 2932 πρεσ-

332 2941 598 3018 βύτατον,
641 2941 837 3018 ἡσθεὶς
890 2942 1050 3022 αὐτῇ·
1112 2941 1245 3005 τούς
1286 2942 1346 3002 δὲ
1389 2941 1601 3005 ἄλλους
1652 2940 1940 3002 α’πέκτεινε

328 3028 562 3094 πάντας.
644 3034 755 3090 τῶν
800 3032 905 3107 μὲν
947 3031 1016 3107 δή
1065 3029 1207 3091 ἔπτὰ
1256 3029 1332 3092 εἶς
1377 3028 1576 3089 αὐτίκα
1626 3029 1817 3110 τρόπῳ
1860 3032 1941 3108 τῷ

330 3118 595 3198 εἰρημένῳ
626 3115 939 3177 ἀπολώλεε.

236 3203 350 3262 120
435 3205 604 3266 Καταῖ
647 3205 711 3265 δέ
751 3229 852 3265 κου
896 3203 1154 3281 μάλιστα
1198 3208 1306 3278 τήν
1351 3201 1685 3281 Καμβύσεω
1728 3205 1939 3264 νοῦσον

327 3289 545 3369 ἐγένετο
585 3290 736 3354 τάδε·
781 3291 892 3352 ὖπό
935 3289 1128 3368 Κύρου
1168 3289 1535 3356 κατασταθεὶς
1572 3288 1644 3364 ἦν
1686 3289 1938 3361 Σαρδίων
