2267 3517
368 87 652 153 149—153]
945 89 1398 140 ΜΕΛΠΟΜΕΝΗ.
1871 99 1964 146 341

368 167 644 244 α’ποικίην.
714 169 840 228 ἐπεί
872 195 935 228 τε
983 168 1043 227 δὲ
1086 173 1258 228 κακοῦ
1299 170 1458 230 οὐδὲν
1498 171 1569 248 ἦν
1610 179 1725 250 σφι
1769 177 1969 252 μῆχος,

366 259 656 334 πέμπουσι
710 262 765 319 ἐς
819 256 1050 332 Κρήτην
1102 256 1380 337 ἅγγέλους
1433 259 1751 336 διζημένους
1799 263 1850 320 εἴ
1891 289 1975 326 τις

370 349 605 422 Κρητῶν
632 344 667 420 ἢ
692 345 960 421 μετοίκων
986 343 1291 424 ἀπιγμένος
1326 346 1408 422 εἴη
1437 345 1492 409 ἐς
1518 348 1776 424 Λιβύην;
1819 375 1972 426 περι-

366 431 720 508 πλανώμενοι
746 431 807 490 δὲ
843 431 1015 506 αὐτὴν
1052 430 1206 491 οὗτοι
1237 431 1506 492 ἀπίκοντο
1543 436 1636 492 καὶ
1671 433 1728 498 ἐς
1753 435 1975 497 Ἴτανον

366 520 553 580 πόλιν·
593 519 651 581 ἐν
677 519 851 598 ταύτῃ
879 520 938 578 δὲ
964 521 1360 600 συμμίσγουσι
1395 519 1554 598 ἀνδρὶ
1587 524 1865 599 πορφυρέῖ
1899 529 1977 602 τῷ

368 607 577 684 οὕνομα
598 609 691 684 ἔην
713 607 1037 684 Κορώβιος·
1066 608 1127 670 ὃς
1155 610 1264 684 ἔφη
1286 607 1376 667 ὕπ’
1399 609 1614 686 οἷνέμων
1633 611 1976 689 ἀπενειχθεὶς

366 695 667 762 ἀπικέσθαι
689 702 743 759 ἐς
769 696 1008 772 Λιβύην,
1040 697 1131 754 καὶ
1159 695 1380 772 Λιβύης
1407 702 1461 758 ἐς
1481 699 1750 758 Πλατέαν
1771 703 1970 774 νῆσον·

364 786 553 862 μισθῷ
592 785 651 843 δὲ
688 788 888 844 τοῦτον
928 785 1223 847 πείσαντες
1263 784 1403 864 ἦγον
1445 791 1500 848 ἐς
1541 786 1755 862 Θήρην·
1813 792 1872 846 ἐκ
1915 787 1974 846 δὲ

366 871 553 948 Θήρης
581 874 780 932 ἔπλεον
808 872 1156 932 κατάσκοποι
1191 870 1396 948 ἄνδρες,
1424 873 1495 932 τὰ
1520 877 1714 950 πρῶτα
1741 873 1810 936 ουῖ
1833 878 1968 932 πολ-

366 960 475 1028 λοὶ,
506 962 967 1041 κατηγησαμένου
1006 959 1065 1018 δὲ
1100 963 1204 1019 τοῦ
1241 962 1542 1036 Κορωβίου
1583 966 1637 1023 ἐς
1661 961 1764 1036 τήν
1791 964 1970 1036 νῆσον

365 1047 571 1123 ταύτην
598 1048 663 1124 δὴ
688 1048 794 1124 τήν
820 1049 1103 1118 Πλατέαν,
1130 1047 1230 1107 τόν
1255 1050 1358 1124 μὲν
1380 1048 1682 1125 Κορώβιον
1708 1049 1971 1108 λείπουσι

366 1136 521 1194 σιτία
548 1135 943 1199 καταλιπόντες
974 1135 1125 1194 ὅσων
1153 1134 1221 1210 δὴ
1254 1139 1456 1212 μηνῶν,
1485 1135 1642 1195 αὐτοὶ
1677 1135 1737 1194 δὲ
1770 1137 1973 1198 ἔπλεον

365 1221 468 1296 τὴν
521 1224 797 1300 ταχίστην
848 1222 1291 1304 ἀπαγγελέοντες
1337 1225 1634 1300 Θηραίοισι
1689 1225 1819 1301 περὶ
1871 1229 1972 1301 τῆς

366 1309 562 1384 νήσου.
621 1308 1081 1385 Ἀποδημεόντων
1108 1311 1169 1369 δὲ
1193 1311 1400 1371 τούτων
1427 1311 1582 1370 πλέω
1604 1312 1809 1390 χρόνον
1830 1317 1931 1372 τοῦ
1952 1315 2066 1372 152

366 1399 749 1477 συγκειμένου,
774 1397 874 1457 τὸν
900 1398 1202 1474 Κορώβιον
1230 1400 1461 1458 ἐπέλιπε
1484 1398 1556 1458 τα
1583 1399 1793 1459 πάντα·
1827 1399 1970 1477 μετᾶ,

366 1485 441 1553 δὲ,
464 1489 594 1562 νηῦς
614 1485 799 1564 Σαμίη
824 1489 924 1560 τῆς
950 1485 1259 1563 ναύκληρος
1285 1488 1378 1562 ἔην
1406 1491 1684 1558 Κωλαῖος,
1712 1488 1972 1547 πλέουσα

366 1571 448 1630 ἐπ’
498 1573 783 1655 Αἰγύπτου
824 1571 1136 1652 ἀπηνείχθη
1180 1578 1234 1637 ἐς
1273 1573 1379 1650 τὴν
1423 1577 1688 1636 Πλατέαν
1732 1575 1938 1652 ταύτην
1953 1602 1966 1615 ·

364 1662 667 1738 πυθόμενοι
708 1663 767 1721 δὲ
820 1664 873 1722 οῖ
929 1659 1133 1738 Σάμιοι
1174 1662 1328 1740 παρὰ
1373 1667 1474 1722 τοῦ
1520 1665 1823 1741 Κορωβίου
1866 1663 1967 1724 τᾶν

364 1747 547 1809 πάντα
571 1750 761 1832 λόγον,
792 1752 947 1810 σιτία
976 1753 1029 1809 οἱ
1057 1753 1306 1808 ἐνιαυτοῦ
1336 1751 1742 1810 καταλείπουσι
1755 1777 1769 1791 ·
1803 1750 1967 1812 αὖτοὶ

364 1836 423 1894 δὲ
449 1836 778 1916 ἀναχθέντες
806 1844 865 1898 ἐκ
889 1841 990 1914 τῆς
1016 1836 1194 1913 νήσου
1217 1837 1309 1895 καὶ
1329 1835 1662 1917 γλιχόμενοι
1681 1837 1970 1918 Αἰγύπτου

364 1925 565 1984 ἔπλεον
599 1925 1015 2002 ἀποφερόμενοι
1048 1923 1339 2002 ἀπηλιώτῃ
1376 1922 1574 2002 οἷνέμῳ,
1612 1925 1720 1993 καὶ,
1759 1925 1824 1982 οὖ
1854 1924 1998 2005 γαῗρ,

362 2011 503 2071 ἀνίει
537 2013 603 2072 τό
639 2017 873 2089 πνεῦμα,
899 2013 1219 2090 Ἡρακλέας
1255 2012 1473 2086 στήλας
1501 2011 1964 2088 διεκπερήσαντες

362 2098 629 2160 απίκοντο
656 2105 711 2163 ἐς
734 2100 1089 2178 Ταρτησσόν,
1119 2101 1240 2179 θείῃ
1268 2103 1468 2178 πομπῇ
1496 2099 1818 2178 χρεώμενοι.
1899 2099 1967 2159 ‘td

362 2187 421 2246 δὲ
458 2187 723 2294 ἐμπόριον
752 2193 917 2248 τοῦτο
952 2187 1024 2264 ἦν
1058 2187 1338 2266 ακήρατον
1373 2191 1572 2248 τοῦτον
1608 2187 1708 2246 τόν
1732 2184 1965 2266 χρόνον·

362 2274 507 2335 ὥστε
532 2275 1023 2350 ἀπονοστήσαντες
1050 2273 1206 2336 οὗτοι
1232 2275 1430 2345 ὀπίσω,
1458 2275 1703 2354 μέγιστα
1731 2273 1797 2349 δὴ
1836 2273 1967 2333 Ἑλ-

362 2363 544 2438 λήνων
569 2362 789 2423 πάντων
814 2368 923 2423 τῶν
958 2364 1118 2440 ἡμεῖς
1156 2363 1414 2439 ιῖτρεκίην
1451 2362 1662 2439 ἵδμεν’
1636 2389 1696 2421 εκ
1724 2363 1968 2440 φορτίων

362 2451 680 2527 ἐκέρδησαν,
722 2450 865 2527 μετά
910 2477 977 2533 γε
1025 2449 1364 2526 Σώστρατον
1402 2449 1502 2509 τόν
1548 2450 1966 2524 Λαοδάμαντος,

364 2539 685 2618 Αἰγινήτην·
724 2537 901 2618 τούτῳ
926 2541 1035 2620 γοὶρ
1065 2537 1166 2598 οὖκ
1196 2537 1285 2596 οἶά
1311 2539 1376 2596 τέ
1401 2543 1523 2597 ἐστι
1551 2539 1734 2615 ἐρίσαι
1761 2536 1960 2596 ἄλλον.

359 2629 414 2684 οἶ
456 2626 513 2684 δὲ
556 2626 760 2704 Σάμιοι
798 2626 901 2701 τὴν
934 2626 1168 2702 δεκάτην
1201 2629 1310 2685 τῶν
1337 2626 1656 2702 ἐπικερδίων
1685 2624 1966 2694 ἐξελόντες

362 2713 424 2782 εξ
446 2714 766 2784 τάλαντα,’
742 2714 1081 2790 εποιήσαντο
1107 2712 1384 2820 χαλκήϊον
1410 2719 1681 2790 κρητῆρος
1706 2712 1964 2793 Ἀργολι-

361 2805 461 2861 κοῦ
501 2802 729 2878 τρόπον·
782 2802 943 2878 πέριξ
980 2803 1039 2860 δὲ
1077 2800 1247 2860 αὖτου
1287 2805 1512 2879 γρυπῶν
1547 2801 1793 2877 κεφαλαὶ
1829 2798 1964 2875 πρό-

362 2892 607 2967 κροσσοί
643 2894 771 2949 εἶσι·
814 2890 907 2948 καὶ
940 2888 1274 2964 οἷνέθηκαν’
1249 2915 1304 2951 ες
1338 2915 1404 2948 το
1430 2888 1689 2965 Ἥραιον,
1716 2885 1965 2960 υποστή-

360 3004 561 3042 σαντες
596 2979 739 3057 αὐτῷ
776 2983 922 3056 τρεῖς
958 2977 1235 3056 χαλκέους
1264 2975 1583 3037 κολοσσους
1611 2972 1967 3052 ἑπταπήχεας

358 3071 512 3126 τοῖσι
552 3065 791 3148 γούνασι
839 3063 1280 3143 ἐρηρεισμένους.
1349 3065 1719 3139 Κυρηναίοισι
1768 3059 1826 3118 δὲ
1869 3060 1962 3118 καὶ

360 3156 661 3232 Θηραίοισι
698 3160 751 3218 ἐς
786 3153 1030 3229 Σαμίους
1071 3150 1185 3211 ἀπὸ
1220 3150 1420 3210 τούτου
1456 3152 1556 3208 τοῦ
1583 3149 1747 3228 ἔργου
1772 3151 1966 3225 πρῶτα

360 3244 551 3319 φιλίαι
604 3243 848 3324 μεγάλαι
900 3237 1343 3316 συνεκρήθησαν.
1431 3239 1506 3294 Οἱ
1561 3236 1619 3294 δὲ
1672 3238 1922 3311 Θηραῖοι,
1944 3235 2058 3292 153

2057 3377 2212 3484 ἑΙ
