2267 3517
351 116 602 182 97—100]
1049 114 1277 165 mmm.
1888 114 1951 163 51

347 196 544 259 ἄλλων
567 193 757 272 ἧσσον
783 195 1169 272 ἐπιμέλεσθαι·
1208 194 1547 273 πειθομένων
1570 194 1633 253 δὲ
1658 194 1752 253 καὶ
1774 196 1953 253 ταῦτα

349 289 462 345 τῶν
477 283 705 359 Μήδων,
727 284 1032 360 οἰκοδομέει
1051 283 1242 362 τείχεα
1258 280 1485 360 μεγάλα
1502 306 1565 341 τε
1586 281 1680 340 καὶ
1700 280 1955 359 καρτεροὶ,

351 377 530 433 ταῦτα
542 370 614 431 τὰ
629 375 726 431 νῦν
743 370 1074 452 Ἀγβάτανα
1090 372 1371 446 κέκληται,
1389 370 1577 447 ἕτερον
1594 369 1759 449 ἑτέρῳ
1775 368 1959 449 κύκλῳ

355 462 677 520 ἐνεστεῶτα.
758 458 1151 537 μεμηχάνηται
1186 458 1246 517 δὲ
1282 457 1427 517 οὕτω
1456 462 1623 518 τοῦτο
1659 456 1726 517 τὸ
1756 460 1960 535 τεῖχος,

357 547 504 607 ὥστε
529 547 563 607 ό
595 548 779 623 ἔτερος
802 550 904 606 τοῦ
942 547 1130 624 ἑτέρου
1168 544 1371 609 κύκλος
1404 550 1559 606 τοῖσι
1590 549 1961 624 προμαχεῶσι

355 634 622 712 μούνοισί
658 638 784 695 ἐστι
821 632 1191 713 ὑψηλότερος.
1271 632 1338 693 τό
1381 634 1487 710 μέν
1529 659 1629 693 κου
1670 658 1727 693 τι
1771 633 1863 693 καὶ
1893 632 1961 693 τό

355 723 563 803 χωρίον
595 724 912 801 συμμαχέει
951 719 1198 785 κολωνός
1230 720 1322 781 ἐόν
1354 720 1501 781 ὥστε
1540 726 1763 781 τοιοῦτο
1808 720 1973 791 εἶναι,Ι

357 810 424 871 τὰ
452 812 512 871 δὲ
537 812 630 870 καὶ
653 809 882 888 μᾶλλόν
906 834 966 889 τι
991 808 1345 885 ἐπετηδεύθη,
1374 808 1589 869 κύκλων
1624 808 1822 869 ἐόντων
1852 812 1963 869 τῶν

360 898 722 959 συναπάντων
754 896 914 958 ἑπτά·
955 902 1015 957 ἐν
1047 896 1108 955 δὲ
1140 900 1219 975 τῷ
1248 897 1545 977 τελευταίῳ
1577 896 1650 957 τοὶ
1676 895 1962 973 βασιλήῖα

359 986 543 1047 ἔνεστι
569 987 662 1045 καὶ
688 988 743 1045 οἱ
769 980 1081 1063 θησαυροί(
1144 983 1213 1044 τὸ
1240 984 1300 1043 δὲ
1332 983 1511 1044 αὐτῶν
1542 983 1814 1065 μέγιστόν
1839 988 1963 1057 ἐστι

359 1078 546 1153 τεῖχος
588 1072 870 1156 καταῖοτόν
909 1071 1187 1149 Ἀθηνέων
1233 1069 1439 1132 κύκλον
1483 1071 1741 1149 μάλιστά
1782 1097 1852 1147 κη
1893 1070 1962 1131 τὰ

360 1163 624 1243 μέγαθος.
680 1164 781 1221 τοῦ
805 1163 909 1237 μὲν
929 1160 998 1237 δὴ
1023 1158 1246 1238 πρώτου
1265 1158 1473 1219 κύκλου
1494 1162 1549 1218 οἱ
1573 1158 1964 1239 προμαχεῶνές

364 1252 476 1309 εἰσι
489 1249 698 1308 λευκοί·
723 1251 823 1308 τοῦ
839 1249 899 1307 δὲ
915 1248 1170 1325 δευτέρου
1188 1246 1443 1324 μέλανες·
1468 1247 1659 1326 τρίτου
1678 1247 1738 1305 δὲ
1754 1244 1961 1306 κύκλου

365 1337 656 1413 φοινίκεοι·
702 1335 968 1413 τετάρτου
1003 1336 1063 1395 δὲ
1095 1334 1330 1396 κυάνεοι·
1376 1336 1633 1414 πέμπτου
1666 1334 1726 1395 δὲ
1757 1334 1962 1394 σανδα-

361 1422 595 1500 ράκινοι.
678 1422 820 1483 οὕτω
850 1422 1069 1483 πάντων
1101 1426 1215 1485 τῶν
1244 1421 1461 1483 κύκλων
1486 1425 1541 1482 οἱ
1571 1426 1965 1501 προμαχεῶνες

361 1510 688 1590 ἠνθισμένοι
731 1511 844 1571 εἶσὶ
885 1509 1258 1589 φαρμάκοισι·
1314 1509 1415 1570 δύο
1456 1510 1517 1571 δὲ
1559 1512 1613 1569 οἱ
1654 1513 1965 1569 τελευταῖοι

360 1601 474 1663 εἰσὶ
499 1600 534 1661 ὅ
557 1603 662 1679 μὲν
687 1599 1211 1680 καταργυρωμένους
1237 1596 1269 1658 ό
1296 1598 1357 1657 δὲ
1376 1598 1965 1678 κατακεχρυσωμένους

361 1689 503 1768 ἔχων
526 1688 655 1752 τούς
677 1690 1102 1767 προμαχεῶνας.

443 1781 632 1837 Ταῦτα
656 1780 761 1855 μὲν
787 1775 857 1853 δὴ
883 1774 917 1835 ὅ
946 1773 1193 1851 Δηῖόκης
1213 1776 1390 1853 ἑωυτῷ
1412 1799 1476 1834 τε
1503 1774 1707 1853 ἐτείχεε
1726 1772 1819 1833 καὶ
1837 1772 1965 1850 περὶ
1982 1774 2057 1833 99

361 1864 434 1925 τοὶ
461 1868 662 1926 ἑωυτοῦ
689 1865 854 1925 οἰκία·
894 1862 995 1924 τόν
1030 1863 1090 1923 δὲ
1128 1861 1311 1923 ἄλλον
1347 1863 1525 1939 δῆμον
1554 1860 1719 1938 πέριξ
1746 1861 1965 1920 ἐκέλευε

363 1953 431 2013 τὰ
451 1958 636 2033 τεῖχος
655 1948 864 2013 οἰκέειν.
926 1950 1393 2029 οἰκοδομηθέντων
1414 1950 1474 2009 δὲ
1492 1948 1728 2018 πάντων,
1748 1947 1964 2026 κόσμον

366 2038 524 2098 τόνδε
553 2038 798 2115 Δηῖόκης
821 2037 1038 2115 πρῶτός
1065 2042 1190 2097 ἐστι
1215 2036 1247 2097 ὁ
1275 2036 1787 2113 καταστησάμενος·
1822 2036 1967 2111 μήτε

369 2126 576 2186 ἐσιέναι
606 2125 762 2201 παρὰ
790 2125 1044 2200 βασιλέα
1068 2124 1279 2200 μηδένα
1309 2124 1377 2185 δι’
1406 2124 1662 2207 ἀγγέλων
1688 2123 1747 2182 δὲ
1782 2122 1965 2182 πάντα

365 2214 654 2295 χρέεσθαι,
680 2212 928 2289 ὁρᾶσθαί
948 2236 1011 2272 τε
1035 2213 1289 2289 βασιλέα
1310 2212 1421 2274 ύπό
1448 2210 1698 2291 μηδενός·
1739 2210 1881 2288 πρός
1904 2236 1967 2270 τε

365 2301 621 2364 τούτοισι
660 2302 758 2373 ἔτι,
781 2303 958 2382 γελᾶν
993 2326 1058 2361 τε
1098 2302 1194 2360 καὶ
1220 2300 1409 2361 πτύειν
1440 2300 1630 2362 ἀντίον
1659 2301 1753 2359 καὶ
1786 2297 1969 2359 ἅπασι

369 2390 510 2451 εἶναι
531 2388 700 2451 τοῦτό
721 2413 790 2471 γε
816 2388 1072 2468 αἰσχρόν.
1138 2392 1315 2450 ταῦτα
1339 2389 1399 2449 δὲ
1423 2390 1553 2467 περὶ
1580 2387 1778 2448 ἑωυτόν
1804 2388 1967 2464 ἐσέμ-

367 2503 493 2540 νυνε
526 2477 698 2538 τῶνδε
735 2477 954 2546 εἵνεκεν,
983 2477 1120 2541 ὅκως
1146 2474 1215 2537 ἂν
1240 2477 1321 2554 μὴ
1349 2476 1580 2554 ὁρῶντες
1606 2479 1660 2534 οἱ
1685 2475 1966 2552 ὁμήλικες,

369 2566 549 2630 ἐόντες
574 2565 890 2643 σύντροφοί
919 2590 982 2625 τε
1008 2566 1195 2643 ἐκείνῳ
1227 2566 1320 2623 καὶ
1351 2563 1526 2640 οἰκίης
1557 2562 1621 2623 ού
1660 2562 1966 2639 φλαυροτέ·

367 2678 485 2731 ρης,
511 2652 638 2714 οὐδὲ
673 2658 728 2717 ἐς
759 2652 1136 2733 ἀνδραγαθίην
1170 2650 1507 2729 λειπόμενοι,
1540 2651 1843 2710 λυπεοίατο
1876 2649 1969 2708 καὶ

369 2740 806 2817 ἐπιβουλεύοιεν,
855 2740 988 2800 ἀλλ’
1035 2739 1275 2819 ἑτεροῖός
1319 2744 1435 2816 σφι
1484 2740 1665 2798 δοκέοι
1706 2738 1843 2797 εἶναι
1885 2736 1969 2814 μή

371 2828 565 2905 ὁρῶσι.
624 2828 788 2888 Ἐπεί
807 2854 870 2889 τε
897 2828 958 2887 δὲ
981 2832 1159 2888 ταῦτα
1184 2826 1525 2904 διεκόσμησε
1552 2827 1645 2885 καὶ
1670 2824 1927 2904 ἐκράττνε
1948 2826 2065 2885 100

369 2914 570 2977 ἑωυτόν
594 2919 668 2993 τῇ
691 2916 983 2993 τυραννίδι,
1009 2914 1082 2991 ἦν
1112 2914 1181 2975 τὰ
1214 2915 1423 2975 δίκαιον
1458 2913 1773 2991 φυλάσσων
1802 2918 1970 2993 χαλε-

370 3004 494 3067 πός·
535 3004 628 3063 καὶ
665 3002 766 3079 τάς
802 3028 866 3063 τε
904 3004 1060 3066 δίκας
1089 3001 1405 3084 γράφοντες
1438 3002 1571 3061 ε’ίσω
1602 3001 1733 3079 παρ’
1766 3005 1969 3059 ἐκεῖνον

371 3092 811 3169 ἐσεπέμπεσκον,
830 3091 922 3150 καὶ
948 3092 1153 3154 ἐκεῖνος
1170 3089 1455 3167 διακρίνων
1472 3088 1573 3153 τοὶς
1593 3086 1971 3164 ἐσφερομένας

371 3181 742 3259 ἐκπέμπεσκε.
821 3181 998 3238 ταῦτα
1029 3181 1132 3255 μὲν
1164 3177 1305 3237 κατὰ
1334 3176 1435 3240 τσῖς
1476 3177 1629 3239 δίκας
1660 3172 1856 3232 ἐποίεε·
1896 3171 1972 3230 τοὶ·

369 3268 432 3331 δὲ
455 3268 524 3347 δὴ
549 3268 704 3329 ἄλλα
732 3264 1107 3344 ἐκεκοσμέατό
1133 3268 1209 3325 οἱ·
1237 3265 1291 3324 εἴ
1309 3284 1435 3325 τινα
1458 3260 1791 3323 πυνθάνοιτο
1809 3256 1969 3335 ύβρί-
