2267 3517
279 98 375 144 334
882 71 1230 145 mimo-ror
1748 93 1878 157 [IV.

274 177 549 257 γέφυραν,
568 176 607 254 ἢ
634 180 731 237 καί
748 203 807 238 τι
819 175 984 237 Ἴωσι
1010 176 1167 246 δόξαι
1189 174 1258 236 τδ
1283 173 1460 252 Ιἤμεάς
1485 173 1608 234 οἶόν
1630 199 1694 234 τε
1720 175 1882 234 ἔσται

188 266 302 324 135
321 265 786 346 ἐξεργάσασθαι.”
850 264 1123 342 Γωβρύης
1146 265 1251 341 μὲν
1273 267 1451 324 ταῦτα
1477 262 1880 339 συνεβούλευε·

278 353 421 429 μετὰ
474 353 549 423 δὲ,
592 353 694 422 νύξ
741 379 803 413 τε
850 354 1067 434 ἐγένετο
1121 353 1216 411 καὶ
1269 355 1508 428 Δαρεῖος
1561 355 1768 429 ἐχρᾶτο
1806 357 1882 431 τῇ

280 440 473 522 γνώμῃ
496 440 689 519 ταύτῃ·
729 440 859 504 τούς
892 443 996 517 μὲν
1034 439 1385 517 καματηροῦς
1413 444 1523 500 τῶν
1549 438 1762 515 ἀνδρῶν
1785 443 1884 500 καὶ

279 534 389 589 τῶν
440 528 513 604 ἦν
564 529 867 608 ἐλάχιστος
919 529 1324 606 ἀπολλυμένων
1375 528 1565 609 λόγος,
1609 528 1702 587 καὶ
1750 529 1884 593 τοῦς

283 616 443 681 ὅνους
481 617 693 682 πάντας
733 617 1069 694 καταδήσας,
1097 617 1362 676 κατέλιπε
1401 615 1574 676 αύτοΐ
1611 615 1784 696 ταύτῃ
1822 623 1883 677 ἐν

279 710 357 785 τῷ
406 707 788 786 στρατοπέδῳ.
872 707 1138 766 κατέλιπε
1191 705 1252 764 δὲ
1301 703 1432 768 τούς
1475 731 1537 764 τε
1581 703 1742 768 ὄνους
1788 707 1882 765 καὶ

279 794 408 858 τούς
451 795 722 860 ἀσθενέας
773 799 873 871 τῆς
913 797 1182 872 στρατιῆς
1220 793 1392 853 τῶνδε
1433 794 1654 853 εἵνεκεν·
1698 792 1786 852 ἵνα
1827 798 1882 854 οἱ

279 884 382 958 μὲν
408 882 526 944 ὅνοι
544 884 696 960 βοὴν
719 886 1087 963 παρέχωνταν
1114 885 1171 942 οἱ
1196 882 1256 944 δὲ
1281 880 1563 958 ἅνθρωποι
1589 880 1881 958 α’σθενείης

282 974 388 1046 μὲν
453 972 660 1033 εἵνεκεν
722 973 1104 1040 κατελίποντο,
1169 969 1493 1048 προφάσιος
1561 969 1619 1028 δὲ
1684 970 1878 1045 τῆσδε·

286 1059 501 1136 δηλαδὴ
554 1059 721 1124 αύτός
771 1063 877 1136 μὲν
928 1059 1037 1119 σύν
1087 1063 1167 1138 τῷ
1219 1059 1442 1136 καθαρῷ
1488 1061 1589 1118 τοῦ
1633 1063 1882 1134 στρατοῦ

282 1147 658 1224 ἐπιθήσεσθαι
708 1149 917 1226 μέλλοι
967 1151 1121 1208 τοῖσι
1176 1147 1446 1224 Σκύθῃσι,
1495 1143 1649 1204 οὗτοι
1704 1146 1763 1205 δὲ
1813 1151 1880 1206 τὸ

284 1235 667 1312 στρατόπεδον
719 1239 920 1296 τοῦτον
969 1234 1073 1295 τᾶν
1124 1234 1329 1313 χρόνον
1378 1235 1624 1310 ῥυοίατο.
1704 1238 1882 1294 ταῦτα

281 1327 434 1383 τοῖσι
478 1324 977 1401 ύπολειπομένοισι
1028 1323 1369 1399 ὑποθέμενος
1419 1321 1452 1380 ὁ
1500 1326 1737 1398 Δαρεῖος
1789 1324 1881 1382 καὶ

281 1410 431 1487 πυροὶ
495 1412 785 1481 ἐκκαύσας,
842 1412 947 1487 τὴν
1003 1411 1282 1489 ταχίστην
1335 1411 1584 1490 ἐπείγετο
1639 1411 1730 1468 ἐπὶ
1780 1410 1882 1470 τὸν

272 1495 521 1574 Ἴστρον·
577 1502 630 1556 οἱ
670 1499 730 1557 δὲ
769 1496 887 1558 ὅνοι
928 1499 1299 1574 ἐρημωθέντες
1336 1501 1438 1556 τοῦ
1477 1497 1697 1574 ὁμίλου,
1739 1497 1881 1558 οὕτω

283 1586 387 1660 μὲν
414 1583 482 1660 δή
504 1588 733 1660 μᾶλλον
757 1589 958 1664 πολλῷ
986 1585 1144 1644 ἵεσαν
1166 1588 1268 1660 τῆς
1293 1588 1502 1661 φωνῆς·
1542 1583 1882 1650 ἀκούσαντες

284 1671 343 1730 δὲ
370 1675 424 1731 οἷ
451 1671 661 1737 Σκύθαι
690 1675 800 1732 τῶν
827 1671 983 1744 ὅνων,
1010 1672 1203 1754 πάγχυ
1245 1673 1385 1732 κατὰ
1424 1671 1612 1752 χώρην
1641 1672 1881 1749 ἤλπιζον

194 1762 305 1819 136
323 1759 450 1823 τούς
476 1761 707 1838 Πέρσας
734 1761 891 1820 εἶναι.
958 1760 1207 1837 “Ημε’ρης
1233 1760 1294 1819 δὲ
1317 1761 1629 1840 γενομένης,
1656 1760 1881 1840 γνόντες

288 1848 343 1906 οἱ
366 1845 802 1926 ὑπολειφθέντες
828 1849 900 1914 ὥς
924 1849 1322 1928 προδεδομένοι
1349 1849 1456 1908 εἷεν
1481 1847 1592 1907 ὖπό
1621 1850 1878 1926 Δαρείου,

282 1935 473 2014 χεῖράς
496 1963 559 1997 τε
587 1939 973 2014 προετείνοντο
1007 1941 1162 1997 τοῖσι
1190 1935 1442 2013 Σκύθῃσι
1470 1937 1562 1994 καὶ
1591 1937 1785 2016 ἔλεγον
1807 1937 1881 1996 τὰ.

285 2023 611 2106 κατήκοντα·
667 2028 721 2084 οἳ.
754 2025 812 2084 δὲ
856 2025 929 2088 ὥς
966 2023 1219 2100 ἥκουσαν
1247 2027 1439 2092 ταῦτα,
1473 2023 1577 2100 τήν
1607 2025 1883 2102 ταχίστην

284 2114 721 2189 συστραφέντες,
756 2113 820 2170 αἶ’
844 2139 907 2172 τε
939 2111 1037 2171 δύο
1069 2115 1265 2189 μοῖραι
1299 2114 1409 2170 τῶν
1446 2112 1700 2175 Σκυθέων
1726 2112 1818 2170 καὶ
1841 2112 1880 2188 ἦ

282 2200 402 2274 μία,
432 2199 788 2276 Σαυρομάται
824 2201 915 2258 καὶ
950 2200 1208 2259 Βουδῖνοι
1241 2199 1332 2257 καὶ
1368 2199 1629 2268 Γελωνοὶ,
1659 2200 1880 2260 ἐδίωκον

282 2286 412 2348 τούς
439 2287 669 2362 Πέρσας
698 2286 787 2345 ῖθῦ
821 2290 920 2345 τοῦ
950 2285 1203 2363 Ἴστρου·
1243 2285 1342 2345 ἅτε
1375 2287 1435 2345 δὲ
1464 2291 1564 2345 τοῦ
1593 2291 1880 2363 Περσικοῦ

282 2376 386 2449 μὲν
410 2377 511 2433 τοῦ
536 2377 758 2432 πολλοῦ
786 2373 971 2438 ἐόντος
996 2375 1171 2445 πεζοῦ
1193 2378 1439 2452 στρατοῦ
1477 2374 1568 2433 καὶ
1595 2374 1695 2437 τὰς
1721 2373 1882 2439 ὁδούς

284 2459 383 2520 οὐκ
411 2463 800 2537 ἐπισταμένου,
826 2461 970 2522 ὥστε
984 2461 1055 2520 ού
1082 2461 1436 2540 τετμημένων
1459 2467 1570 2522 τῶν
1595 2462 1755 2533 ὁδῶν,
1781 2465 1880 2522 τοῦ

284 2549 342 2607 δὲ
396 2550 669 2613 Σκυθικοῦ
725 2549 967 2610 ἱππότεω
1020 2550 1113 2608 καὶ
1164 2550 1237 2609 τοὶ
1289 2550 1545 2627 σύντομα
1595 2553 1697 2626 τῆς
1749 2550 1881 2610 ὁδοῦ

285 2637 676 2712 ἐπισταμένου,
706 2636 1046 2714 ἁμαρτόντες
1081 2637 1370 2712 ἀλλήλων,
1397 2639 1657 2714 ἔφθησαν
1683 2643 1883 2718 πολλῷ

285 2727 337 2783 οἱ
360 2723 573 2785 Σκύθαι
600 2725 729 2788 τούς
756 2724 987 2802 Πέρσας
1015 2725 1105 2784 ἐπὶ
1129 2725 1234 2800 τὴν
1259 2725 1512 2806 γέφυραν
1539 2726 1881 2803 ἀπικόμενοι,

282 2810 556 2889 μαθόντες
598 2812 657 2872 δὲ
687 2813 815 2876 τούς
854 2812 1086 2890 Πέρσας
1122 2812 1265 2872 οὔκω
1307 2812 1646 2895 ἀπιγμένους
1688 2817 1884 2896 ἔλεγον

280 2900 422 2976 πρὸς
473 2898 603 2962 τούς
643 2899 837 2964 Ἴωνας
880 2900 1069 2964 ἐόντας
1122 2906 1180 2960 ἐν
1225 2905 1362 2978 τῇσι
1405 2902 1589 2977 νηυσί·
1651 2902 1883 2980 ((ἅνδρες

270 2985 474 3056 Ἴωνες,
514 2988 579 3046 αἵ
608 3014 671 3048 τε
709 2988 913 3065 ἡμέραι
953 2988 1083 3064 ὑμῖν
1124 2992 1227 3047 τοῦ
1272 2989 1514 3065 ἀριθμοῦ
1555 2989 1880 3068 διοίχηνται,

284 3075 377 3132 καὶ
431 3075 495 3133 οὗ
536 3074 751 3135 ποιέετέ
790 3103 857 3156 γε
898 3076 1080 3135 δίκαια
1121 3077 1201 3134 ἔτι
1241 3075 1672 3151 παραμένοντες·
1731 3075 1880 3146 ἀλλ’,

283 3160 403 3218 ἐπεὶ
454 3160 727 3238 πρότερον
766 3163 1137 3239 δειμαίνοντες
1189 3161 1425 3237 ἐμένετε,
1469 3165 1568 3223 νῦν
1607 3162 1884 3226 λύσαντες

290 3244 381 3303 ’ἣν
414 3247 591 3323 πόρον
628 3249 733 3324 τήν
766 3249 1043 3327 ταχίστην
1074 3246 1238 3306 ἄπιτε
1263 3248 1551 3326 χαίροντες
1577 3249 1881 3332 ἐλεύθεροι,
