<?xml version="1.0" encoding="UTF-8"?>
<!DOCTYPE html PUBLIC "-//W3C//DTD XHTML 1.0 Transitional//EN"
    "http://www.w3.org/TR/xhtml1/DTD/xhtml1-transitional.dtd">
<html xmlns="http://www.w3.org/1999/xhtml" xml:lang="en" lang="en">
 <head>
  <title>
</title>
<meta http-equiv="Content-Type" content="text/html;charset=utf-8" />
  <meta name='ocr-system' content='tesseract 3.04.00' />
  <meta name='ocr-capabilities' content='ocr_page ocr_carea ocr_par ocr_line ocrx_word'/>
</head>
<body>
  <div class='ocr_page' id='page_1' title='image "./herodotus05blakgoog_0356.png"; bbox 0 0 2267 3517; ppageno 0'>
   <div class='ocr_carea' id='block_1_1' title="bbox 207 103 1914 3317">
    <p class='ocr_par' dir='ltr' id='par_1_1' title="bbox 282 103 1898 960">
     <span class='ocr_line' id='line_1_1' title="bbox 286 103 1892 168; baseline 0.001 -14"><span class='ocrx_word' id='word_1_1' title='bbox 286 108 383 155; x_wconf 80' lang='lat'>346</span> <span class='ocrx_word' id='word_1_2' title='bbox 896 107 1262 157; x_wconf 68' lang='grc' dir='ltr'>ἭΡοΔοωοτ</span> <span class='ocrx_word' id='word_1_3' title='bbox 1761 103 1892 168; x_wconf 87' lang='lat' dir='ltr'>[1v.</span> 
     </span>
     <span class='ocr_line' id='line_1_2' title="bbox 282 179 1892 262; baseline -0.003 -18"><span class='ocrx_word' id='word_1_4' title='bbox 282 183 495 262; x_wconf 81' lang='grc' dir='ltr'>οὕνομα</span> <span class='ocrx_word' id='word_1_5' title='bbox 532 182 605 260; x_wconf 86' lang='grc' dir='ltr'>ἦν</span> <span class='ocrx_word' id='word_1_6' title='bbox 648 184 945 260; x_wconf 74' lang='grc' dir='ltr'>Δημῶναξ.</span> <span class='ocrx_word' id='word_1_7' title='bbox 1028 182 1190 246; x_wconf 78' lang='grc' dir='ltr'>οὗτος</span> <span class='ocrx_word' id='word_1_8' title='bbox 1237 181 1312 242; x_wconf 73' lang='grc' dir='ltr'>ὧν</span> <span class='ocrx_word' id='word_1_9' title='bbox 1357 181 1504 258; x_wconf 78' lang='grc' dir='ltr'>ὦνὴρ</span> <span class='ocrx_word' id='word_1_10' title='bbox 1552 179 1892 257; x_wconf 68' lang='grc' dir='ltr'>ἀπικόμενος</span> 
     </span>
     <span class='ocr_line' id='line_1_3' title="bbox 286 270 1890 349; baseline -0.001 -17"><span class='ocrx_word' id='word_1_11' title='bbox 286 276 341 336; x_wconf 81' lang='grc' dir='ltr'>ἐς</span> <span class='ocrx_word' id='word_1_12' title='bbox 402 271 507 348; x_wconf 76' lang='grc' dir='ltr'>τὴν</span> <span class='ocrx_word' id='word_1_13' title='bbox 558 270 821 349; x_wconf 84' lang='grc' dir='ltr'>Κυρήνην</span> <span class='ocrx_word' id='word_1_14' title='bbox 883 272 976 332; x_wconf 85' lang='grc' dir='ltr'>καὶ</span> <span class='ocrx_word' id='word_1_15' title='bbox 1031 270 1226 348; x_wconf 75' lang='grc' dir='ltr'>μαθῶν</span> <span class='ocrx_word' id='word_1_16' title='bbox 1279 270 1508 340; x_wconf 79' lang='grc' dir='ltr'>ἕκαστα,</span> <span class='ocrx_word' id='word_1_17' title='bbox 1559 272 1732 330; x_wconf 83' lang='grc' dir='ltr'>τοῦτο</span> <span class='ocrx_word' id='word_1_18' title='bbox 1783 272 1890 346; x_wconf 83' lang='grc' dir='ltr'>μὲν</span> 
     </span>
     <span class='ocr_line' id='line_1_4' title="bbox 282 358 1887 438; baseline -0.002 -17"><span class='ocrx_word' id='word_1_19' title='bbox 282 360 591 437; x_wconf 80' lang='grc' dir='ltr'>τριφύλους</span> <span class='ocrx_word' id='word_1_20' title='bbox 636 360 870 436; x_wconf 86' lang='grc' dir='ltr'>ἐποίησέ</span> <span class='ocrx_word' id='word_1_21' title='bbox 913 365 1113 436; x_wconf 86' lang='grc' dir='ltr'>σφεας,</span> <span class='ocrx_word' id='word_1_22' title='bbox 1163 358 1296 438; x_wconf 80' lang='grc' dir='ltr'>τῇδε</span> <span class='ocrx_word' id='word_1_23' title='bbox 1345 358 1569 422; x_wconf 85' lang='grc' dir='ltr'>διαθείς·</span> <span class='ocrx_word' id='word_1_24' title='bbox 1628 358 1887 434; x_wconf 84' lang='grc' dir='ltr'>Θηραίων</span> 
     </span>
     <span class='ocr_line' id='line_1_5' title="bbox 287 447 1885 528; baseline -0.001 -21"><span class='ocrx_word' id='word_1_25' title='bbox 287 450 392 526; x_wconf 81' lang='grc' dir='ltr'>μὲν</span> <span class='ocrx_word' id='word_1_26' title='bbox 430 447 543 528; x_wconf 68' lang='grc' dir='ltr'>γοῖρ</span> <span class='ocrx_word' id='word_1_27' title='bbox 591 447 683 506; x_wconf 83' lang='grc' dir='ltr'>καὶ</span> <span class='ocrx_word' id='word_1_28' title='bbox 721 452 833 507; x_wconf 77' lang='grc' dir='ltr'>τῶν</span> <span class='ocrx_word' id='word_1_29' title='bbox 874 447 1166 525; x_wconf 83' lang='grc' dir='ltr'>περιοίκων</span> <span class='ocrx_word' id='word_1_30' title='bbox 1209 447 1345 523; x_wconf 87' lang='grc' dir='ltr'>μίαν</span> <span class='ocrx_word' id='word_1_31' title='bbox 1387 450 1592 524; x_wconf 84' lang='grc' dir='ltr'>μοῖραν</span> <span class='ocrx_word' id='word_1_32' title='bbox 1636 449 1885 522; x_wconf 80' lang='grc' dir='ltr'>ἐποίησε,</span> 
     </span>
     <span class='ocr_line' id='line_1_6' title="bbox 289 534 1894 612; baseline 0 -18"><span class='ocrx_word' id='word_1_33' title='bbox 289 535 477 610; x_wconf 69' lang='grc' dir='ltr'>α’λλην</span> <span class='ocrx_word' id='word_1_34' title='bbox 524 535 585 594; x_wconf 78' lang='grc' dir='ltr'>δὲ</span> <span class='ocrx_word' id='word_1_35' title='bbox 626 536 1103 612; x_wconf 81' lang='grc' dir='ltr'>Πελοποννησίων</span> <span class='ocrx_word' id='word_1_36' title='bbox 1151 535 1244 594; x_wconf 83' lang='grc' dir='ltr'>καὶ</span> <span class='ocrx_word' id='word_1_37' title='bbox 1291 538 1546 612; x_wconf 80' lang='grc' dir='ltr'>Κρητῶν,</span> <span class='ocrx_word' id='word_1_38' title='bbox 1587 534 1778 611; x_wconf 87' lang='grc' dir='ltr'>τρίτην</span> <span class='ocrx_word' id='word_1_39' title='bbox 1833 536 1894 594; x_wconf 85' lang='grc' dir='ltr'>δὲ</span> 
     </span>
     <span class='ocr_line' id='line_1_7' title="bbox 290 621 1895 702; baseline 0 -20"><span class='ocrx_word' id='word_1_40' title='bbox 290 622 600 697; x_wconf 80' lang='grc' dir='ltr'>νησιωτέων</span> <span class='ocrx_word' id='word_1_41' title='bbox 645 621 883 684; x_wconf 85' lang='grc' dir='ltr'>πάντων·</span> <span class='ocrx_word' id='word_1_42' title='bbox 942 626 1111 684; x_wconf 79' lang='grc' dir='ltr'>τοῦτο</span> <span class='ocrx_word' id='word_1_43' title='bbox 1165 622 1226 681; x_wconf 82' lang='grc' dir='ltr'>δὲ</span> <span class='ocrx_word' id='word_1_44' title='bbox 1275 625 1353 701; x_wconf 77' lang='grc' dir='ltr'>τῷ</span> <span class='ocrx_word' id='word_1_45' title='bbox 1403 622 1650 698; x_wconf 81' lang='grc' dir='ltr'>βασιλέϊ</span> <span class='ocrx_word' id='word_1_46' title='bbox 1695 622 1895 702; x_wconf 88' lang='grc' dir='ltr'>Βάττῳ</span> 
     </span>
     <span class='ocr_line' id='line_1_8' title="bbox 289 707 1895 789; baseline 0.001 -22"><span class='ocrx_word' id='word_1_47' title='bbox 289 709 519 786; x_wconf 76' lang='grc' dir='ltr'>τεμένεα</span> <span class='ocrx_word' id='word_1_48' title='bbox 562 709 766 780; x_wconf 69' lang='grc' dir='ltr'>ἐξελών</span> <span class='ocrx_word' id='word_1_49' title='bbox 808 712 903 770; x_wconf 81' lang='grc' dir='ltr'>καὶ</span> <span class='ocrx_word' id='word_1_50' title='bbox 947 710 1236 789; x_wconf 76' lang='grc' dir='ltr'>ἱρωσύνας,</span> <span class='ocrx_word' id='word_1_51' title='bbox 1280 708 1354 770; x_wconf 79' lang='grc' dir='ltr'>τοὶ</span> <span class='ocrx_word' id='word_1_52' title='bbox 1399 707 1556 768; x_wconf 77' lang='grc' dir='ltr'>ἅλλα</span> <span class='ocrx_word' id='word_1_53' title='bbox 1596 708 1780 770; x_wconf 86' lang='grc' dir='ltr'>πάντα</span> <span class='ocrx_word' id='word_1_54' title='bbox 1822 710 1895 770; x_wconf 67' lang='grc' dir='ltr'>ταῖ</span> 
     </span>
     <span class='ocr_line' id='line_1_9' title="bbox 292 795 1898 878; baseline 0.001 -23"><span class='ocrx_word' id='word_1_55' title='bbox 292 795 565 874; x_wconf 86' lang='grc' dir='ltr'>πρότερον</span> <span class='ocrx_word' id='word_1_56' title='bbox 618 797 771 878; x_wconf 77' lang='grc' dir='ltr'>εἶχον</span> <span class='ocrx_word' id='word_1_57' title='bbox 830 802 885 859; x_wconf 85' lang='grc' dir='ltr'>οἶ</span> <span class='ocrx_word' id='word_1_58' title='bbox 935 798 1211 876; x_wconf 83' lang='grc' dir='ltr'>βασιλέες</span> <span class='ocrx_word' id='word_1_59' title='bbox 1262 801 1319 860; x_wconf 86' lang='grc' dir='ltr'>ἐς</span> <span class='ocrx_word' id='word_1_60' title='bbox 1367 798 1549 874; x_wconf 82' lang='grc' dir='ltr'>μέσον</span> <span class='ocrx_word' id='word_1_61' title='bbox 1603 800 1681 876; x_wconf 74' lang='grc' dir='ltr'>τῷ</span> <span class='ocrx_word' id='word_1_62' title='bbox 1739 795 1898 877; x_wconf 87' lang='grc' dir='ltr'>δήμῳ</span> 
     </span>
     <span class='ocr_line' id='line_1_10' title="bbox 296 885 469 960; baseline 0.017 -18"><span class='ocrx_word' id='word_1_63' title='bbox 296 885 469 960; x_wconf 87' lang='grc' dir='ltr'>ἔθηκε.</span> 
     </span>
    </p>

    <p class='ocr_par' dir='ltr' id='par_1_2' title="bbox 207 969 1910 2802">
     <span class='ocr_line' id='line_1_11' title="bbox 207 969 1898 1049; baseline 0 -17"><span class='ocrx_word' id='word_1_64' title='bbox 207 974 319 1032; x_wconf 85' lang='grc'>162</span> <span class='ocrx_word' id='word_1_65' title='bbox 418 971 550 1032; x_wconf 84' lang='grc' dir='ltr'>Ἐπὶ</span> <span class='ocrx_word' id='word_1_66' title='bbox 588 975 693 1049; x_wconf 79' lang='grc' dir='ltr'>μὲν</span> <span class='ocrx_word' id='word_1_67' title='bbox 730 973 799 1049; x_wconf 79' lang='grc' dir='ltr'>δὴ</span> <span class='ocrx_word' id='word_1_68' title='bbox 838 969 1039 1032; x_wconf 79' lang='grc' dir='ltr'>τούτου</span> <span class='ocrx_word' id='word_1_69' title='bbox 1076 977 1179 1032; x_wconf 78' lang='grc' dir='ltr'>τοῦ</span> <span class='ocrx_word' id='word_1_70' title='bbox 1219 971 1443 1032; x_wconf 88' lang='grc' dir='ltr'>Βάττεω</span> <span class='ocrx_word' id='word_1_71' title='bbox 1483 971 1625 1031; x_wconf 80' lang='grc' dir='ltr'>οὕτω</span> <span class='ocrx_word' id='word_1_72' title='bbox 1659 971 1898 1032; x_wconf 83' lang='grc' dir='ltr'>διετέλεε</span> 
     </span>
     <span class='ocr_line' id='line_1_12' title="bbox 301 1058 1897 1137; baseline -0.002 -17"><span class='ocrx_word' id='word_1_73' title='bbox 301 1060 479 1136; x_wconf 84' lang='grc' dir='ltr'>ἐόντα,</span> <span class='ocrx_word' id='word_1_74' title='bbox 507 1062 597 1121; x_wconf 80' lang='grc' dir='ltr'>ἐπὶ</span> <span class='ocrx_word' id='word_1_75' title='bbox 632 1061 693 1120; x_wconf 83' lang='grc' dir='ltr'>δὲ</span> <span class='ocrx_word' id='word_1_76' title='bbox 723 1064 825 1121; x_wconf 80' lang='grc' dir='ltr'>τοῦ</span> <span class='ocrx_word' id='word_1_77' title='bbox 858 1060 1057 1120; x_wconf 76' lang='grc' dir='ltr'>τούτου</span> <span class='ocrx_word' id='word_1_78' title='bbox 1093 1060 1291 1124; x_wconf 80' lang='grc' dir='ltr'>παιδός</span> <span class='ocrx_word' id='word_1_79' title='bbox 1318 1059 1664 1137; x_wconf 84' lang='grc' dir='ltr'>Ἀρκεσίλεω</span> <span class='ocrx_word' id='word_1_80' title='bbox 1698 1058 1897 1134; x_wconf 69' lang='grc' dir='ltr'>πολλῆ</span> 
     </span>
     <span class='ocr_line' id='line_1_13' title="bbox 300 1146 1898 1229; baseline -0.003 -21"><span class='ocrx_word' id='word_1_81' title='bbox 300 1149 519 1228; x_wconf 72' lang='grc' dir='ltr'>ταραχὴ</span> <span class='ocrx_word' id='word_1_82' title='bbox 548 1149 677 1226; x_wconf 86' lang='grc' dir='ltr'>περὶ</span> <span class='ocrx_word' id='word_1_83' title='bbox 706 1153 817 1210; x_wconf 80' lang='grc' dir='ltr'>τῶν</span> <span class='ocrx_word' id='word_1_84' title='bbox 850 1148 1051 1223; x_wconf 85' lang='grc' dir='ltr'>τιμέων</span> <span class='ocrx_word' id='word_1_85' title='bbox 1087 1149 1326 1229; x_wconf 84' lang='grc' dir='ltr'>ἐγένετο.</span> <span class='ocrx_word' id='word_1_86' title='bbox 1390 1146 1762 1224; x_wconf 84' lang='grc' dir='ltr'>Ἀρκεσίλεως</span> <span class='ocrx_word' id='word_1_87' title='bbox 1784 1147 1898 1227; x_wconf 73' lang='grc' dir='ltr'>γὰρ</span> 
     </span>
     <span class='ocr_line' id='line_1_14' title="bbox 303 1233 1900 1315; baseline -0.003 -19"><span class='ocrx_word' id='word_1_88' title='bbox 303 1235 335 1296; x_wconf 81' lang='grc' dir='ltr'>ὁ</span> <span class='ocrx_word' id='word_1_89' title='bbox 384 1236 603 1296; x_wconf 80' lang='grc' dir='ltr'>Βάττου</span> <span class='ocrx_word' id='word_1_90' title='bbox 652 1263 713 1296; x_wconf 93' lang='grc' dir='ltr'>τε</span> <span class='ocrx_word' id='word_1_91' title='bbox 763 1239 864 1296; x_wconf 77' lang='grc' dir='ltr'>τοῦ</span> <span class='ocrx_word' id='word_1_92' title='bbox 908 1238 1099 1315; x_wconf 79' lang='grc' dir='ltr'>χωλοῦ</span> <span class='ocrx_word' id='word_1_93' title='bbox 1147 1236 1240 1295; x_wconf 85' lang='grc' dir='ltr'>καὶ</span> <span class='ocrx_word' id='word_1_94' title='bbox 1283 1235 1587 1311; x_wconf 85' lang='grc' dir='ltr'>Φερετίμης</span> <span class='ocrx_word' id='word_1_95' title='bbox 1639 1233 1740 1294; x_wconf 79' lang='grc' dir='ltr'>οὖκ</span> <span class='ocrx_word' id='word_1_96' title='bbox 1787 1235 1900 1311; x_wconf 82' lang='grc' dir='ltr'>ἔφη</span> 
     </span>
     <span class='ocr_line' id='line_1_15' title="bbox 306 1321 1898 1397; baseline -0.001 -15"><span class='ocrx_word' id='word_1_97' title='bbox 306 1323 601 1394; x_wconf 71' lang='grc' dir='ltr'>ἀνέξεσθαι</span> <span class='ocrx_word' id='word_1_98' title='bbox 653 1324 795 1383; x_wconf 81' lang='grc' dir='ltr'>κατοὶ</span> <span class='ocrx_word' id='word_1_99' title='bbox 838 1322 910 1383; x_wconf 74' lang='grc' dir='ltr'>τὰ</span> <span class='ocrx_word' id='word_1_100' title='bbox 956 1322 989 1383; x_wconf 83' lang='grc' dir='ltr'>ὅ</span> <span class='ocrx_word' id='word_1_101' title='bbox 1043 1321 1352 1386; x_wconf 76' lang='grc' dir='ltr'>Μαντινεῦς</span> <span class='ocrx_word' id='word_1_102' title='bbox 1398 1321 1680 1397; x_wconf 74' lang='grc' dir='ltr'>Δημῶναξ</span> <span class='ocrx_word' id='word_1_103' title='bbox 1726 1321 1898 1394; x_wconf 81' lang='grc' dir='ltr'>ἔταξε,</span> 
     </span>
     <span class='ocr_line' id='line_1_16' title="bbox 302 1409 1901 1491; baseline 0.001 -22"><span class='ocrx_word' id='word_1_104' title='bbox 302 1410 457 1470; x_wconf 69' lang='grc' dir='ltr'>ἀλλὰ</span> <span class='ocrx_word' id='word_1_105' title='bbox 497 1410 727 1470; x_wconf 76' lang='grc' dir='ltr'>ἀπαίτεε</span> <span class='ocrx_word' id='word_1_106' title='bbox 771 1411 843 1471; x_wconf 66' lang='grc' dir='ltr'>ταῖ</span> <span class='ocrx_word' id='word_1_107' title='bbox 886 1413 996 1470; x_wconf 77' lang='grc' dir='ltr'>τῶν</span> <span class='ocrx_word' id='word_1_108' title='bbox 1040 1411 1331 1491; x_wconf 83' lang='grc' dir='ltr'>προγόνων</span> <span class='ocrx_word' id='word_1_109' title='bbox 1379 1409 1570 1490; x_wconf 82' lang='grc' dir='ltr'>γέρεα.</span> <span class='ocrx_word' id='word_1_110' title='bbox 1653 1409 1901 1470; x_wconf 81' lang='grc' dir='ltr'>ἐνθεῦτεν</span> 
     </span>
     <span class='ocr_line' id='line_1_17' title="bbox 302 1495 1902 1578; baseline -0.001 -21"><span class='ocrx_word' id='word_1_111' title='bbox 302 1496 620 1568; x_wconf 79' lang='grc' dir='ltr'>στασιάζων</span> <span class='ocrx_word' id='word_1_112' title='bbox 677 1498 921 1572; x_wconf 78' lang='grc' dir='ltr'>ἑσσώθη,</span> <span class='ocrx_word' id='word_1_113' title='bbox 976 1499 1067 1557; x_wconf 86' lang='grc' dir='ltr'>καὶ</span> <span class='ocrx_word' id='word_1_114' title='bbox 1128 1499 1303 1578; x_wconf 83' lang='grc' dir='ltr'>ἔφυγε</span> <span class='ocrx_word' id='word_1_115' title='bbox 1355 1501 1412 1560; x_wconf 84' lang='grc' dir='ltr'>ἐς</span> <span class='ocrx_word' id='word_1_116' title='bbox 1463 1497 1680 1573; x_wconf 78' lang='grc' dir='ltr'>Σάμον·</span> <span class='ocrx_word' id='word_1_117' title='bbox 1749 1495 1787 1572; x_wconf 77' lang='grc' dir='ltr'><em>ἦ</em></span> <span class='ocrx_word' id='word_1_118' title='bbox 1840 1496 1902 1556; x_wconf 81' lang='grc' dir='ltr'>δὲ</span> 
     </span>
     <span class='ocr_line' id='line_1_18' title="bbox 302 1583 1903 1665; baseline 0 -23"><span class='ocrx_word' id='word_1_119' title='bbox 302 1583 487 1661; x_wconf 82' lang='grc' dir='ltr'>μήτηρ</span> <span class='ocrx_word' id='word_1_120' title='bbox 530 1587 583 1642; x_wconf 79' lang='grc' dir='ltr'>οἱ</span> <span class='ocrx_word' id='word_1_121' title='bbox 626 1589 680 1646; x_wconf 89' lang='grc' dir='ltr'>ἐς</span> <span class='ocrx_word' id='word_1_122' title='bbox 726 1585 1022 1660; x_wconf 80' lang='grc' dir='ltr'>Σαλαμῖνα</span> <span class='ocrx_word' id='word_1_123' title='bbox 1066 1588 1169 1660; x_wconf 86' lang='grc' dir='ltr'>τῆς</span> <span class='ocrx_word' id='word_1_124' title='bbox 1214 1584 1449 1661; x_wconf 80' lang='grc' dir='ltr'>Κύπρου</span> <span class='ocrx_word' id='word_1_125' title='bbox 1497 1585 1692 1665; x_wconf 80' lang='grc' dir='ltr'>ἔφυγε.</span> <span class='ocrx_word' id='word_1_126' title='bbox 1774 1588 1903 1662; x_wconf 77' lang='grc' dir='ltr'>(τῆς</span> 
     </span>
     <span class='ocr_line' id='line_1_19' title="bbox 304 1669 1902 1750; baseline 0.001 -21"><span class='ocrx_word' id='word_1_127' title='bbox 304 1671 363 1729; x_wconf 82' lang='grc' dir='ltr'>δὲ</span> <span class='ocrx_word' id='word_1_128' title='bbox 405 1672 723 1748; x_wconf 81' lang='grc' dir='ltr'>Σαλαμῖνος</span> <span class='ocrx_word' id='word_1_129' title='bbox 760 1674 958 1729; x_wconf 77' lang='grc' dir='ltr'>τοῦτον</span> <span class='ocrx_word' id='word_1_130' title='bbox 1000 1670 1099 1730; x_wconf 81' lang='grc' dir='ltr'>τόν</span> <span class='ocrx_word' id='word_1_131' title='bbox 1140 1669 1347 1750; x_wconf 84' lang='grc' dir='ltr'>χρόνον</span> <span class='ocrx_word' id='word_1_132' title='bbox 1390 1671 1684 1748; x_wconf 79' lang='grc' dir='ltr'>ἐπεκράτεε</span> <span class='ocrx_word' id='word_1_133' title='bbox 1724 1669 1902 1732; x_wconf 77' lang='grc' dir='ltr'>Εὖέλ-</span> 
     </span>
     <span class='ocr_line' id='line_1_20' title="bbox 307 1757 1900 1837; baseline 0.001 -18"><span class='ocrx_word' id='word_1_134' title='bbox 307 1760 431 1827; x_wconf 86' lang='grc' dir='ltr'>θων,</span> <span class='ocrx_word' id='word_1_135' title='bbox 454 1758 515 1820; x_wconf 77' lang='grc' dir='ltr'>ὃς</span> <span class='ocrx_word' id='word_1_136' title='bbox 537 1757 603 1817; x_wconf 80' lang='grc' dir='ltr'><em>τό</em></span> <span class='ocrx_word' id='word_1_137' title='bbox 632 1763 690 1817; x_wconf 92' lang='grc' dir='ltr'>ἐν</span> <span class='ocrx_word' id='word_1_138' title='bbox 718 1761 1009 1832; x_wconf 81' lang='grc' dir='ltr'>Δελφοῖσι</span> <span class='ocrx_word' id='word_1_139' title='bbox 1036 1757 1417 1837; x_wconf 85' lang='grc' dir='ltr'>θυμιητήριον,</span> <span class='ocrx_word' id='word_1_140' title='bbox 1445 1759 1536 1819; x_wconf 80' lang='grc' dir='ltr'>ε’ὁν</span> <span class='ocrx_word' id='word_1_141' title='bbox 1555 1758 1900 1834; x_wconf 70' lang='grc' dir='ltr'>άξιοθέήτον,</span> 
     </span>
     <span class='ocr_line' id='line_1_21' title="bbox 306 1845 1902 1925; baseline 0.001 -20"><span class='ocrx_word' id='word_1_142' title='bbox 306 1845 553 1922; x_wconf 74' lang='grc' dir='ltr'>ἀνέθηκε,</span> <span class='ocrx_word' id='word_1_143' title='bbox 579 1845 645 1905; x_wconf 75' lang='grc' dir='ltr'>τὸ</span> <span class='ocrx_word' id='word_1_144' title='bbox 688 1850 747 1906; x_wconf 91' lang='grc' dir='ltr'>ἐν</span> <span class='ocrx_word' id='word_1_145' title='bbox 783 1849 861 1924; x_wconf 71' lang='grc' dir='ltr'>τῷ</span> <span class='ocrx_word' id='word_1_146' title='bbox 892 1846 1204 1924; x_wconf 86' lang='grc' dir='ltr'>Κορινθίων</span> <span class='ocrx_word' id='word_1_147' title='bbox 1236 1847 1498 1925; x_wconf 82' lang='grc' dir='ltr'>θησαυρῷ</span> <span class='ocrx_word' id='word_1_148' title='bbox 1533 1848 1734 1906; x_wconf 79' lang='grc' dir='ltr'>κέεται·</span> <span class='ocrx_word' id='word_1_149' title='bbox 1775 1846 1902 1906; x_wconf 80' lang='grc' dir='ltr'>άπι-</span> 
     </span>
     <span class='ocr_line' id='line_1_22' title="bbox 307 1933 1906 2012; baseline 0.004 -20"><span class='ocrx_word' id='word_1_150' title='bbox 307 1933 511 2010; x_wconf 85' lang='grc' dir='ltr'>κομένη</span> <span class='ocrx_word' id='word_1_151' title='bbox 538 1934 597 1993; x_wconf 82' lang='grc' dir='ltr'>δὲ</span> <span class='ocrx_word' id='word_1_152' title='bbox 627 1933 779 2011; x_wconf 70' lang='grc' dir='ltr'>παρὰ</span> <span class='ocrx_word' id='word_1_153' title='bbox 810 1937 1009 1994; x_wconf 79' lang='grc' dir='ltr'>τοῦτον</span> <span class='ocrx_word' id='word_1_154' title='bbox 1038 1933 1075 2010; x_wconf 83' lang='grc' dir='ltr'><em>ἦ</em></span> <span class='ocrx_word' id='word_1_155' title='bbox 1110 1935 1388 2012; x_wconf 85' lang='grc' dir='ltr'>Φερετίμη</span> <span class='ocrx_word' id='word_1_156' title='bbox 1424 1934 1604 1994; x_wconf 86' lang='grc' dir='ltr'>ἐδέετο</span> <span class='ocrx_word' id='word_1_157' title='bbox 1635 1937 1906 2011; x_wconf 74' lang='grc' dir='ltr'>στρατιῆς</span> 
     </span>
     <span class='ocr_line' id='line_1_23' title="bbox 308 2020 1905 2102; baseline 0.001 -22"><span class='ocrx_word' id='word_1_158' title='bbox 308 2020 347 2098; x_wconf 79' lang='grc' dir='ltr'>ἦ</span> <span class='ocrx_word' id='word_1_159' title='bbox 374 2020 597 2092; x_wconf 80' lang='grc' dir='ltr'>κατάξει</span> <span class='ocrx_word' id='word_1_160' title='bbox 632 2023 817 2099; x_wconf 86' lang='grc' dir='ltr'>σφέας</span> <span class='ocrx_word' id='word_1_161' title='bbox 856 2027 912 2085; x_wconf 85' lang='grc' dir='ltr'>ἐς</span> <span class='ocrx_word' id='word_1_162' title='bbox 941 2021 1045 2097; x_wconf 78' lang='grc' dir='ltr'>τὴν</span> <span class='ocrx_word' id='word_1_163' title='bbox 1079 2021 1359 2098; x_wconf 85' lang='grc' dir='ltr'>Κυρήνην·</span> <span class='ocrx_word' id='word_1_164' title='bbox 1402 2020 1434 2081; x_wconf 79' lang='grc' dir='ltr'>ὁ</span> <span class='ocrx_word' id='word_1_165' title='bbox 1463 2021 1525 2080; x_wconf 85' lang='grc' dir='ltr'>δέ</span> <span class='ocrx_word' id='word_1_166' title='bbox 1546 2047 1615 2102; x_wconf 83' lang='grc' dir='ltr'>γε</span> <span class='ocrx_word' id='word_1_167' title='bbox 1638 2021 1905 2082; x_wconf 77' lang='grc' dir='ltr'>Εὐέλθων</span> 
     </span>
     <span class='ocr_line' id='line_1_24' title="bbox 306 2107 1906 2187; baseline -0.001 -17"><span class='ocrx_word' id='word_1_168' title='bbox 306 2113 421 2171; x_wconf 78' lang='grc' dir='ltr'>πᾶν</span> <span class='ocrx_word' id='word_1_169' title='bbox 444 2114 669 2187; x_wconf 77' lang='grc' dir='ltr'>μᾶλλον</span> <span class='ocrx_word' id='word_1_170' title='bbox 692 2108 729 2186; x_wconf 84' lang='grc' dir='ltr'>ἢ</span> <span class='ocrx_word' id='word_1_171' title='bbox 756 2109 1028 2185; x_wconf 87' lang='grc' dir='ltr'>στρατιήν</span> <span class='ocrx_word' id='word_1_172' title='bbox 1052 2111 1107 2168; x_wconf 77' lang='grc' dir='ltr'>οἱ</span> <span class='ocrx_word' id='word_1_173' title='bbox 1134 2109 1332 2168; x_wconf 82' lang='grc' dir='ltr'>ἐδίδου·</span> <span class='ocrx_word' id='word_1_174' title='bbox 1373 2107 1410 2184; x_wconf 80' lang='grc' dir='ltr'><em>ἦ</em></span> <span class='ocrx_word' id='word_1_175' title='bbox 1437 2109 1498 2168; x_wconf 82' lang='grc' dir='ltr'>δὲ</span> <span class='ocrx_word' id='word_1_176' title='bbox 1522 2110 1906 2186; x_wconf 83' lang='grc' dir='ltr'>λαμβάνουσα</span> 
     </span>
     <span class='ocr_line' id='line_1_25' title="bbox 307 2195 1904 2275; baseline -0.001 -17"><span class='ocrx_word' id='word_1_177' title='bbox 307 2198 373 2258; x_wconf 81' lang='grc' dir='ltr'><em>τό</em></span> <span class='ocrx_word' id='word_1_178' title='bbox 413 2198 716 2275; x_wconf 86' lang='grc' dir='ltr'>διδόμενον,</span> <span class='ocrx_word' id='word_1_179' title='bbox 744 2195 923 2256; x_wconf 81' lang='grc' dir='ltr'>καλὸν</span> <span class='ocrx_word' id='word_1_180' title='bbox 960 2198 1063 2272; x_wconf 81' lang='grc' dir='ltr'>μὲν</span> <span class='ocrx_word' id='word_1_181' title='bbox 1104 2197 1216 2272; x_wconf 81' lang='grc' dir='ltr'>ἔφη</span> <span class='ocrx_word' id='word_1_182' title='bbox 1255 2198 1348 2255; x_wconf 84' lang='grc' dir='ltr'>καὶ</span> <span class='ocrx_word' id='word_1_183' title='bbox 1381 2199 1550 2256; x_wconf 80' lang='grc' dir='ltr'>τοῦτο</span> <span class='ocrx_word' id='word_1_184' title='bbox 1585 2197 1740 2267; x_wconf 80' lang='grc' dir='ltr'>εἶναι,</span> <span class='ocrx_word' id='word_1_185' title='bbox 1769 2197 1904 2256; x_wconf 87' lang='grc' dir='ltr'>κάλ-</span> 
     </span>
     <span class='ocr_line' id='line_1_26' title="bbox 307 2282 1906 2362; baseline 0 -18"><span class='ocrx_word' id='word_1_186' title='bbox 307 2289 434 2345; x_wconf 89' lang='grc' dir='ltr'>λιον</span> <span class='ocrx_word' id='word_1_187' title='bbox 474 2285 534 2344; x_wconf 84' lang='grc' dir='ltr'>δὲ</span> <span class='ocrx_word' id='word_1_188' title='bbox 574 2287 747 2344; x_wconf 80' lang='grc' dir='ltr'>ἐκεῖνο</span> <span class='ocrx_word' id='word_1_189' title='bbox 786 2282 853 2343; x_wconf 79' lang='grc' dir='ltr'><em>τό</em></span> <span class='ocrx_word' id='word_1_190' title='bbox 885 2282 1073 2344; x_wconf 83' lang='grc' dir='ltr'>δοῦναί</span> <span class='ocrx_word' id='word_1_191' title='bbox 1106 2287 1161 2344; x_wconf 81' lang='grc' dir='ltr'>οἱ</span> <span class='ocrx_word' id='word_1_192' title='bbox 1194 2284 1425 2361; x_wconf 83' lang='grc' dir='ltr'>δεομένῃ</span> <span class='ocrx_word' id='word_1_193' title='bbox 1452 2283 1741 2362; x_wconf 88' lang='grc' dir='ltr'>στρατιήν·</span> <span class='ocrx_word' id='word_1_194' title='bbox 1781 2289 1906 2344; x_wconf 84' lang='grc' dir='ltr'>τοῦ·</span> 
     </span>
     <span class='ocr_line' id='line_1_27' title="bbox 306 2370 1908 2451; baseline -0.001 -18"><span class='ocrx_word' id='word_1_195' title='bbox 306 2399 373 2433; x_wconf 92' lang='grc' dir='ltr'>το</span> <span class='ocrx_word' id='word_1_196' title='bbox 421 2373 512 2431; x_wconf 83' lang='grc' dir='ltr'>ἐπὶ</span> <span class='ocrx_word' id='word_1_197' title='bbox 558 2372 725 2431; x_wconf 81' lang='grc' dir='ltr'>παντὶ</span> <span class='ocrx_word' id='word_1_198' title='bbox 770 2371 879 2451; x_wconf 81' lang='grc' dir='ltr'>γοὶρ</span> <span class='ocrx_word' id='word_1_199' title='bbox 921 2375 997 2450; x_wconf 78' lang='grc' dir='ltr'>τῷ</span> <span class='ocrx_word' id='word_1_200' title='bbox 1042 2371 1309 2450; x_wconf 74' lang='grc' dir='ltr'>διδομένῳ</span> <span class='ocrx_word' id='word_1_201' title='bbox 1364 2371 1540 2450; x_wconf 82' lang='grc' dir='ltr'>ἔλεγε,</span> <span class='ocrx_word' id='word_1_202' title='bbox 1586 2370 1908 2432; x_wconf 84' lang='grc' dir='ltr'>τελευταῖόν</span> 
     </span>
     <span class='ocr_line' id='line_1_28' title="bbox 308 2457 1909 2536; baseline -0.001 -16"><span class='ocrx_word' id='word_1_203' title='bbox 308 2463 362 2520; x_wconf 80' lang='grc' dir='ltr'>οἱ</span> <span class='ocrx_word' id='word_1_204' title='bbox 408 2459 683 2536; x_wconf 82' lang='grc' dir='ltr'>ἐξέπεμψε</span> <span class='ocrx_word' id='word_1_205' title='bbox 730 2458 908 2535; x_wconf 81' lang='grc' dir='ltr'>δῶρον</span> <span class='ocrx_word' id='word_1_206' title='bbox 952 2458 986 2518; x_wconf 79' lang='grc' dir='ltr'>ὁ</span> <span class='ocrx_word' id='word_1_207' title='bbox 1029 2457 1293 2519; x_wconf 76' lang='grc' dir='ltr'>Εὐέλθων</span> <span class='ocrx_word' id='word_1_208' title='bbox 1339 2457 1614 2535; x_wconf 79' lang='grc' dir='ltr'>ἄτρακτον</span> <span class='ocrx_word' id='word_1_209' title='bbox 1663 2457 1909 2536; x_wconf 84' lang='grc' dir='ltr'>χρύσεον</span> 
     </span>
     <span class='ocr_line' id='line_1_29' title="bbox 309 2545 1909 2623; baseline -0.001 -17"><span class='ocrx_word' id='word_1_210' title='bbox 309 2547 401 2607; x_wconf 84' lang='grc' dir='ltr'>καὶ</span> <span class='ocrx_word' id='word_1_211' title='bbox 444 2545 748 2623; x_wconf 76' lang='grc' dir='ltr'>ἠλακάτην,</span> <span class='ocrx_word' id='word_1_212' title='bbox 792 2549 1016 2623; x_wconf 76' lang='grc' dir='ltr'>προσῆν</span> <span class='ocrx_word' id='word_1_213' title='bbox 1063 2546 1124 2605; x_wconf 77' lang='grc' dir='ltr'>δὲ</span> <span class='ocrx_word' id='word_1_214' title='bbox 1178 2547 1270 2604; x_wconf 80' lang='grc' dir='ltr'>καὶ</span> <span class='ocrx_word' id='word_1_215' title='bbox 1324 2545 1514 2622; x_wconf 79' lang='grc' dir='ltr'>εἴριον·</span> <span class='ocrx_word' id='word_1_216' title='bbox 1571 2545 1806 2620; x_wconf 85' lang='grc' dir='ltr'>εἰπάσης</span> <span class='ocrx_word' id='word_1_217' title='bbox 1849 2546 1909 2605; x_wconf 83' lang='grc' dir='ltr'>δὲ</span> 
     </span>
     <span class='ocr_line' id='line_1_30' title="bbox 308 2631 1910 2710; baseline -0.001 -17"><span class='ocrx_word' id='word_1_218' title='bbox 308 2634 462 2697; x_wconf 75' lang='grc' dir='ltr'>αὖτις</span> <span class='ocrx_word' id='word_1_219' title='bbox 499 2639 600 2708; x_wconf 86' lang='grc' dir='ltr'>τῆς</span> <span class='ocrx_word' id='word_1_220' title='bbox 641 2635 943 2710; x_wconf 78' lang='grc' dir='ltr'>Φερετίμης</span> <span class='ocrx_word' id='word_1_221' title='bbox 987 2631 1164 2693; x_wconf 59' lang='lat' dir='ltr'>rafiam*</span> <span class='ocrx_word' id='word_1_222' title='bbox 1208 2635 1352 2707; x_wconf 83' lang='grc' dir='ltr'>ἔπος,</span> <span class='ocrx_word' id='word_1_223' title='bbox 1397 2633 1428 2693; x_wconf 78' lang='grc' dir='ltr'>ὁ</span> <span class='ocrx_word' id='word_1_224' title='bbox 1481 2632 1746 2693; x_wconf 81' lang='grc' dir='ltr'>Εὖέλθων</span> <span class='ocrx_word' id='word_1_225' title='bbox 1797 2633 1910 2708; x_wconf 82' lang='grc' dir='ltr'>ἔφη</span> 
     </span>
     <span class='ocr_line' id='line_1_31' title="bbox 305 2720 1908 2802; baseline -0.002 -20"><span class='ocrx_word' id='word_1_226' title='bbox 305 2721 611 2782; x_wconf 81' lang='grc' dir='ltr'>τοιούτοισι</span> <span class='ocrx_word' id='word_1_227' title='bbox 662 2723 925 2802; x_wconf 81' lang='grc' dir='ltr'>γυναῖκας</span> <span class='ocrx_word' id='word_1_228' title='bbox 970 2721 1289 2797; x_wconf 86' lang='grc' dir='ltr'>δωρέεσθαι,</span> <span class='ocrx_word' id='word_1_229' title='bbox 1335 2720 1466 2780; x_wconf 71' lang='grc' dir='ltr'>ἀλλ’</span> <span class='ocrx_word' id='word_1_230' title='bbox 1513 2720 1578 2780; x_wconf 78' lang='grc' dir='ltr'>οὗ</span> <span class='ocrx_word' id='word_1_231' title='bbox 1624 2721 1908 2800; x_wconf 83' lang='grc' dir='ltr'>στρατιῇ.)</span> 
     </span>
    </p>

    <p class='ocr_par' dir='ltr' id='par_1_3' title="bbox 216 2807 1914 3317">
     <span class='ocr_line' id='line_1_32' title="bbox 216 2807 1913 2887; baseline -0.001 -18"><span class='ocrx_word' id='word_1_232' title='bbox 216 2813 329 2870; x_wconf 88' lang='grc'>163</span> <span class='ocrx_word' id='word_1_233' title='bbox 347 2809 416 2868; x_wconf 84' lang='lat' dir='ltr'>‘O</span> <span class='ocrx_word' id='word_1_234' title='bbox 474 2809 535 2868; x_wconf 78' lang='grc' dir='ltr'>δὲ</span> <span class='ocrx_word' id='word_1_235' title='bbox 591 2808 962 2887; x_wconf 87' lang='grc' dir='ltr'>Ἀρκεσίλεως</span> <span class='ocrx_word' id='word_1_236' title='bbox 1013 2811 1216 2870; x_wconf 75' lang='grc' dir='ltr'>τοῦτον</span> <span class='ocrx_word' id='word_1_237' title='bbox 1269 2808 1370 2870; x_wconf 80' lang='grc' dir='ltr'>τᾶν</span> <span class='ocrx_word' id='word_1_238' title='bbox 1427 2807 1631 2886; x_wconf 86' lang='grc' dir='ltr'>χρόνον</span> <span class='ocrx_word' id='word_1_239' title='bbox 1691 2807 1792 2868; x_wconf 77' lang='grc' dir='ltr'>ε’ὠν</span> <span class='ocrx_word' id='word_1_240' title='bbox 1853 2813 1913 2868; x_wconf 90' lang='grc' dir='ltr'>ἐν</span> 
     </span>
     <span class='ocr_line' id='line_1_33' title="bbox 312 2894 1911 2978; baseline -0.001 -23"><span class='ocrx_word' id='word_1_241' title='bbox 312 2896 499 2976; x_wconf 79' lang='grc' dir='ltr'>Σάμῳ,</span> <span class='ocrx_word' id='word_1_242' title='bbox 538 2896 832 2978; x_wconf 84' lang='grc' dir='ltr'>συνήγειρε</span> <span class='ocrx_word' id='word_1_243' title='bbox 864 2895 1048 2956; x_wconf 88' lang='grc' dir='ltr'>πάντα</span> <span class='ocrx_word' id='word_1_244' title='bbox 1088 2894 1264 2973; x_wconf 78' lang='grc' dir='ltr'>ἄνδρα.</span> <span class='ocrx_word' id='word_1_245' title='bbox 1305 2897 1398 2954; x_wconf 84' lang='grc' dir='ltr'>ἐπὶ</span> <span class='ocrx_word' id='word_1_246' title='bbox 1439 2899 1545 2976; x_wconf 89' lang='grc' dir='ltr'>γῆς</span> <span class='ocrx_word' id='word_1_247' title='bbox 1587 2895 1911 2973; x_wconf 72' lang='grc' dir='ltr'>ἀναδασμῷ.</span> 
     </span>
     <span class='ocr_line' id='line_1_34' title="bbox 310 2982 1912 3064; baseline -0.001 -22"><span class='ocrx_word' id='word_1_248' title='bbox 310 2985 731 3064; x_wconf 86' lang='grc' dir='ltr'>συλλεγομένου</span> <span class='ocrx_word' id='word_1_249' title='bbox 772 2982 829 3041; x_wconf 75' lang='grc' dir='ltr'>δὲ</span> <span class='ocrx_word' id='word_1_250' title='bbox 870 2987 1116 3059; x_wconf 86' lang='grc' dir='ltr'>στρατοῦ</span> <span class='ocrx_word' id='word_1_251' title='bbox 1157 2987 1398 3052; x_wconf 78' lang='grc' dir='ltr'>πολλοῦ,</span> <span class='ocrx_word' id='word_1_252' title='bbox 1429 2983 1645 3058; x_wconf 83' lang='grc' dir='ltr'>ἐστάλη</span> <span class='ocrx_word' id='word_1_253' title='bbox 1683 2987 1738 3046; x_wconf 83' lang='grc' dir='ltr'>ἐς</span> <span class='ocrx_word' id='word_1_254' title='bbox 1766 2987 1912 3040; x_wconf 78' lang='grc' dir='ltr'>Δελ-</span> 
     </span>
     <span class='ocr_line' id='line_1_35' title="bbox 312 3068 1914 3149; baseline -0.001 -21"><span class='ocrx_word' id='word_1_255' title='bbox 312 3070 457 3142; x_wconf 77' lang='grc' dir='ltr'>φοῧς</span> <span class='ocrx_word' id='word_1_256' title='bbox 503 3071 871 3149; x_wconf 86' lang='grc' dir='ltr'>Ἀρκεσίλεως</span> <span class='ocrx_word' id='word_1_257' title='bbox 912 3069 1265 3147; x_wconf 85' lang='grc' dir='ltr'>χρησόμενος</span> <span class='ocrx_word' id='word_1_258' title='bbox 1303 3074 1381 3146; x_wconf 76' lang='grc' dir='ltr'>τῷ</span> <span class='ocrx_word' id='word_1_259' title='bbox 1414 3070 1738 3148; x_wconf 72' lang='grc' dir='ltr'>χρηστηρίῳ</span> <span class='ocrx_word' id='word_1_260' title='bbox 1782 3068 1914 3146; x_wconf 83' lang='grc' dir='ltr'>περὶ</span> 
     </span>
     <span class='ocr_line' id='line_1_36' title="bbox 314 3155 1914 3234; baseline 0.001 -22"><span class='ocrx_word' id='word_1_261' title='bbox 314 3157 568 3216; x_wconf 86' lang='grc' dir='ltr'>κατόδου·</span> <span class='ocrx_word' id='word_1_262' title='bbox 607 3158 646 3232; x_wconf 82' lang='grc' dir='ltr'><em>ἦ</em></span> <span class='ocrx_word' id='word_1_263' title='bbox 686 3158 747 3216; x_wconf 85' lang='grc' dir='ltr'>δὲ</span> <span class='ocrx_word' id='word_1_264' title='bbox 788 3156 975 3230; x_wconf 87' lang='grc' dir='ltr'>Πυθίη</span> <span class='ocrx_word' id='word_1_265' title='bbox 1016 3157 1071 3212; x_wconf 85' lang='grc' dir='ltr'>οἱ</span> <span class='ocrx_word' id='word_1_266' title='bbox 1109 3159 1225 3234; x_wconf 76' lang='grc' dir='ltr'>χρᾷ</span> <span class='ocrx_word' id='word_1_267' title='bbox 1262 3155 1412 3215; x_wconf 88' lang='grc' dir='ltr'>τάδε·</span> <span class='ocrx_word' id='word_1_268' title='bbox 1454 3167 1490 3191; x_wconf 88' lang='grc'><strong>“</strong></span> <span class='ocrx_word' id='word_1_269' title='bbox 1508 3156 1600 3214; x_wconf 82' lang='grc' dir='ltr'>ἐπὶ</span> <span class='ocrx_word' id='word_1_270' title='bbox 1637 3159 1743 3232; x_wconf 83' lang='grc' dir='ltr'>μὲν</span> <span class='ocrx_word' id='word_1_271' title='bbox 1780 3156 1914 3215; x_wconf 82' lang='grc' dir='ltr'>τέσ-</span> 
     </span>
     <span class='ocr_line' id='line_1_37' title="bbox 310 3240 1912 3317; baseline 0.002 -19"><span class='ocrx_word' id='word_1_272' title='bbox 310 3265 481 3317; x_wconf 86' lang='grc' dir='ltr'>σερας</span> <span class='ocrx_word' id='word_1_273' title='bbox 533 3243 782 3305; x_wconf 87' lang='grc' dir='ltr'>Βάττους</span> <span class='ocrx_word' id='word_1_274' title='bbox 832 3243 927 3300; x_wconf 81' lang='grc' dir='ltr'>καὶ</span> <span class='ocrx_word' id='word_1_275' title='bbox 974 3240 1346 3317; x_wconf 87' lang='grc' dir='ltr'>Ἀρκεσίλεως</span> <span class='ocrx_word' id='word_1_276' title='bbox 1401 3242 1694 3316; x_wconf 86' lang='grc' dir='ltr'>τέσσερας,</span> <span class='ocrx_word' id='word_1_277' title='bbox 1761 3240 1912 3302; x_wconf 58' lang='lat' dir='ltr'>dnm?</span> 
     </span>
    </p>
   </div>
  </div>
 </body>
</html>
