2267 3517
354 160 639 227 ltu—186]
1047 162 1280 214 immo.
1891 163 1956 213 οι

350 242 529 319 τῆσδε
566 244 668 317 τῆς
699 240 1002 319 θαλάσσης
1025 245 1081 306 ἐς
1106 242 1444 319 Βαβυλῶνα,
1475 241 1882 305 καταπλέοντες
1906 245 1964 305 ἔς

351 330 453 391 τόν
483 328 789 407 Εὐφρήτην
818 328 1077 406 ποταμόν
1103 330 1225 407 τρίς
1247 354 1311 391 τε
1339 334 1394 393 ἐς
1418 329 1523 406 τήν
1559 328 1732 405 αὐτὴν
1755 327 1962 405 ταύτην

355 416 545 494 κώμην
584 417 984 498 παραγίνονται
1024 415 1116 476 καὶ
1158 422 1217 477 ἐν
1254 418 1410 494 τρισὶ
1449 416 1714 495 ἡμέρῃσι.
1793 419 1964 477 τοῦτο

350 507 457 582 μὲν
482 504 553 581 δή
573 508 793 565 τοιοῦτο
820 505 1068 580 ἐποίησε,
1088 508 1257 584 χῶμα
1283 505 1342 564 δὲ
1366 505 1664 583 παρέχωσε
1687 502 1818 581 παρ’
1841 502 1963 563 ἑκά-

352 617 516 671 τερον
548 596 651 653 τοῦ
686 595 945 669 ποταμοῦ
969 591 1037 652 τό
1062 596 1272 672 χεῖλος,
1299 590 1456 663 ἄξιον
1482 591 1770 669 θῶυματος
1792 592 1963 673 μέγα·

354 681 455 744 θος
475 680 567 739 καὶ
582 679 726 759 ὕψος
740 678 882 740 ὅσον
898 680 961 740 τί
977 684 1119 741 ἐστι·
1149 679 1457 758 κατύπερθε
1477 679 1537 739 δὲ
1553 682 1754 759 πολλῷ
1771 681 1964 755 Βαβυ-

352 770 529 831 λῶνος
558 766 783 845 ὤρυσσε
803 768 1032 845 ἔλυτρον
1051 766 1224 847 λίμνῃ
1252 766 1450 848 ὀλίγον
1467 792 1524 827 τι
1547 768 1962 846 παρατείνουσα

353 852 466 916 α’πό
506 858 609 916 τοῦ
638 858 913 932 ποταμοῦ,
946 853 1129 930 βάθος
1163 857 1268 932 μὲν
1301 860 1358 919 ἐς
1390 854 1458 916 τὸ
1483 853 1628 933 ὕδωρ
1667 854 1755 914 ἀεὶ
1793 852 1962 932 ὀρύσ·

355 966 543 1003 σουσα
576 941 731 1022 εὖρος
770 942 832 1002 δὲ
860 940 929 1002 τὰ
964 943 1296 1021 περίμετρον
1321 941 1491 1003 αὖτοῦ
1516 947 1758 1003 ποιεῦσα
1784 944 1968 1003 εἴκοσί

352 1053 417 1089 τε
435 1030 527 1089 καὶ
545 1031 919 1108 τετρακοσίων
937 1031 1196 1091 σταδίων·
1223 1029 1326 1092 τόν
1340 1031 1400 1090 δὲ
1419 1030 1805 1109 ὀρυσσόμενον
1823 1036 1964 1110 χοῦν
2027 1042 2032 1047 “

356 1120 417 1175 ἐκ
452 1116 653 1177 τούτου
682 1122 783 1178 τοῦ
810 1116 1125 1199 ὀρύγματος
1160 1116 1462 1196 α’ναισίμου
1491 1118 1647 1195 παρὰ
1671 1117 1740 1178 τὰ
1766 1120 1962 1197 χεῶεα

353 1207 456 1263 τοῦ
474 1208 728 1282 ποταμοῦ
745 1206 1127 1285 παραχέουσα,
1151 1206 1276 1266 ἐπεί
1287 1231 1350 1266 τε
1371 1205 1434 1265 δέ
1451 1207 1504 1266 οἶ
1525 1204 1751 1283 ὦρυκτο,
1767 1206 1962 1270 λίθους

357 1288 683 1372 ἀγαγομένη
708 1293 947 1369 κρηπῖδα
973 1292 1158 1374 κύκλῳ
1176 1294 1306 1372 περὶ
1325 1291 1502 1370 αὐτὴν
1519 1292 1723 1369 ἤλασε.
1783 1294 1971 1353 ἐποίεέ

354 1377 417 1437 δὲ
449 1378 745 1458 ἀμφότερα
778 1384 971 1451 ταῦτα,
997 1380 1099 1442 τόν
1131 1406 1197 1442 τε
1229 1381 1486 1459 ποταμόν
1516 1380 1752 1442 σκολιὸν
1777 1381 1870 1441 καὶ
1893 1382 1961 1443 τό

353 1464 574 1548 ὄρυγμα
611 1472 726 1528 πᾶν
766 1468 909 1538 ἕλος,
943 1468 1015 1533 ὥς
1051 1467 1083 1530 ὅ
1107 1494 1173 1530 τε
1209 1468 1464 1547 ποταμός
1491 1468 1836 1547 βραδύτερος
1870 1470 1958 1547 εἴη

350 1556 479 1632 περὶ
517 1554 741 1632 καμποῖς
780 1556 1004 1619 πολλὰς
1034 1554 1352 1638 ἅγνῦμενος,
1395 1557 1487 1617 καὶ
1529 1561 1582 1617 οἶ
1617 1558 1790 1618 πλόοι
1830 1558 1962 1617 ἔωσι

352 1644 576 1703 σκολιοὶ
596 1648 653 1708 ἐς
671 1642 777 1720 τὴν
795 1645 1133 1721 Βαβυλῶνα,
1157 1645 1216 1704 ἔκ
1241 1670 1306 1706 τε
1329 1648 1441 1706 τῶν
1458 1644 1652 1705 πλόων
1679 1645 1960 1721 ἐκδέκηται

348 1724 603 1810 περίοδος
626 1736 727 1810 τῆς
751 1733 953 1809 λίμνης
971 1732 1181 1811 μακρή.
1239 1732 1380 1793 κατὰ
1404 1737 1572 1794 τοῦτο
1598 1734 1658 1793 δὲ
1677 1732 1960 1815 εἰργάζετο

348 1824 451 1897 τῆς
473 1820 657 1901 χώρης
674 1824 747 1900 τῇ
774 1822 913 1881 αἵτε
934 1822 1182 1899 ἐσβολαὶ
1202 1819 1352 1898 ἦσαν
1377 1822 1470 1881 καὶ
1486 1822 1558 1882 τοὶ
1579 1820 1834 1898 σύντομα
1859 1825 1961 1898 τῆς

349 1912 412 1991 ἐκ
450 1908 661 1985 Μήδων
696 1908 845 1978 ὀδοῦ,
876 1909 967 1970 ἵνα
996 1908 1077 1987 μή
1110 1908 1541 1992 ἐπιμισγόμενοι
1567 1913 1622 1969 οἱ
1648 1910 1840 1985 Μῆδοι
1875 1914 1960 1969 ἐκ-

347 1995 677 2071 μανθάνοιεν
712 1995 883 2072 αὗτῆς
910 1996 983 2057 τοὶ
1008 1995 1334 2079 πρήγματα.
1415 2001 1604 2057 Ταῦτα
1629 1998 1734 2073 μὲν
1760 1996 1829 2071 δή
1857 2002 1917 2056 ἐκ
1938 2000 2052 2058 186

349 2081 562 2157 βάθεος
583 2084 976 2161 περιεβάλετο,
994 2084 1214 2161 τοιήνδε
1239 2086 1300 2145 δὲ
1326 2084 1390 2155 ἐξ
1406 2084 1587 2145 αὐτῶν
1605 2082 1959 2162 παρενθήκην

352 2168 677 2245 ἐποιήσατο·
722 2174 823 2247 τῆς
847 2171 1047 2236 πόλιος
1078 2172 1282 2250 ἐούσης
1318 2173 1416 2233 δύο
1453 2173 1735 2251 φαρσέων,
1761 2177 1864 2232 τοῦ
1898 2173 1958 2232 δὲ

350 2262 609 2335 ποταμοῦ
634 2259 817 2335 μέσον
843 2260 1085 2339 ἔχοντος,
1115 2263 1208 2322 ἐπὶ
1231 2267 1342 2324 τῶν
1367 2260 1641 2339 πρότερον
1662 2262 1957 2338 βασιλέων

350 2344 489 2409 ὅκως
521 2371 606 2411 τις
641 2347 831 2407 ἐθέλοι
867 2353 928 2408 ἐκ
958 2352 1061 2408 τοῦ
1098 2349 1287 2427 ἐτέρου
1322 2350 1580 2428 φάρσεος
1616 2355 1672 2413 ἐς
1695 2348 1957 2428 τοῦτερον

348 2432 630 2511 διαβῆναι,
676 2439 823 2515 χρῆν
861 2437 1043 2517 πλοίῳ
1084 2437 1412 2513 διαβαίνειν·
1455 2439 1548 2498 καὶ
1589 2437 1676 2513 ἦν,
1725 2438 1798 2501 ὥς
1847 2437 1956 2520 ἐγώ

348 2520 536 2592 δοκέω,
572 2522 824 2602 ὀχληρὸν
862 2528 1051 2584 τοῦτο·
1094 2524 1234 2602 αὕτη
1276 2526 1336 2585 δὲ
1375 2526 1469 2585 καὶ
1507 2530 1674 2585 τοῦτο
1712 2526 1954 2603 προεῖδε·

348 2612 475 2671 ἐπεί
493 2636 555 2670 τε
578 2612 689 2692 γάρ
711 2610 937 2690 ὤρυσσε
955 2611 1022 2672 τό
1044 2614 1276 2691 &tn-pov
1293 2617 1366 2693 τῇ
1386 2615 1574 2694 λίμνῃ,
1594 2613 1956 2691 μνημόσυνον

344 2694 475 2757 τόδε
512 2696 663 2757 ἄλλο
702 2696 816 2759 <iord
847 2703 951 2760 τοῦ
987 2698 1160 2760 αὐτοῦ
1196 2701 1363 2782 ἔργου
1396 2702 1643 2762 ἐλίπετο·
1685 2701 1952 2779 ἐτάμνετο

344 2786 541 2849 λίθους
570 2785 927 2864 περιμήκεας·
976 2786 1048 2850 ὥς
1086 2787 1152 2848 δέ
1189 2790 1243 2848 οἶ
1281 2788 1433 2865 ἦσαν
1466 2792 1520 2849 οἱ
1551 2790 1706 2851 λίθοι
1741 2793 1953 2867 ἐτοῖμοι

346 2873 439 2931 καὶ
462 2873 530 2934 τό
554 2876 759 2953 χωρίον
788 2873 1085 2953 ὀρώρυκτο,
1114 2876 1438 2955 ἐκτρέψασα
1466 2881 1567 2937 τοῦ
1602 2882 1860 2955 ποταμοῦ
1883 2877 1951 2936 τό

343 2960 573 3039 ῥέεθρον
598 2966 713 3021 πᾶν
750 2966 806 3024 ἐς
840 2962 907 3022 τό
940 2961 1165 3040 ὤρυσσε
1195 2965 1415 3042 χωρίον,
1445 2970 1504 3024 ἐν
1527 2969 1604 3044 τῷ
1631 2966 1951 3041 ἐπίμπλατο

342 3053 509 3110 τοῦτο
537 3054 595 3109 ἐν
618 3049 795 3129 τούτῳ
830 3046 1292 3128 ἀπεξηρασμένου
1316 3057 1418 3112 τοῦ
1444 3052 1680 3131 ἀρχαίου
1703 3053 1948 3129 ῥεέθρου,

341 3141 509 3198 τοῦτο
523 3139 627 3214 μὲν
650 3137 722 3197 τὰ
739 3142 937 3216 χείλεα
953 3142 1055 3197 τοῦ
1079 3144 1355 3216 ποταμοῦ,
1385 3140 1526 3199 κατὰ
1549 3139 1652 3213 τήν
1670 3138 1839 3196 πόλιν
1859 3138 1951 3196 καὶ

342 3224 445 3291 τοῖς
470 3225 828 3304 καταβάσιας
851 3224 952 3289 τοὶς
978 3230 1040 3285 ἐκ
1064 3230 1178 3285 τῶν
1213 3226 1460 3285 πυλίδων
1487 3231 1543 3287 ἐς
1566 3224 1667 3283 τὸν
1691 3225 1948 3300 ποταμὸν

340 3313 643 3394 φερούσας,
670 3311 1081 3391 ἀνοικοδόμησε
1104 3312 1402 3373 πλίνθοισι
1425 3309 1655 3387 ὀπτῇσι,
1683 3308 1823 3369 κατοῖ
1847 3309 1948 3370 τόν

2069 3348 2212 3421 Δ
2233 3292 2235 3304 .
