2267 3517
338 140 441 191 142
742 155 751 161 '
952 143 1322 196 ἨΡΟΔΟΤΟΤ
1835 140 1937 207 [ῘῙ.

340 217 689 297 κροκόδειλοι
727 222 883 283 ἀλλὰ
920 223 1168 303 χάμψαι·
1236 222 1623 301 κροκοδείλους
1663 221 1726 282 δὲ
1753 220 1942 285 Ἴωνες

343 306 659 385 ὠνόμασαν,
714 310 1017 382 εἰκάζοντες
1055 310 1236 371 αὐτῶν
1276 310 1349 371 τὰ
1396 310 1542 370 εἴδεα
1589 312 1746 370 τοῖσι
1785 309 1942 387 ’.7ιάράΙ

343 396 519 470 σφίσι
542 398 888 477 γινομένοισι
915 398 1323 476 κροκοδείλοισι
1352 400 1507 457 τοῖσι
1533 402 1592 457 ἐν
1613 400 1752 475 τῇσι
1777 400 1936 473 αἷμα,

248 482 325 545 70
343 485 527 562 σιῇσι.
597 483 809 566 Ἀγραι
862 486 925 546 δέ
962 492 1157 562 σφεων
1201 485 1418 546 πολλαὶ
1471 485 1807 545 κατεστέασι
1845 485 1939 545 καὶ

340 575 619 632 παντοῖαι·
656 572 696 649 ἦ
717 572 763 633 δ’
785 572 859 633 ὧν
879 574 1009 651 ἐμοί
1028 600 1095 656 γε
1120 574 1298 634 δοκέει
1322 571 1596 648 ἀξιωτάτη
1619 570 1940 653 ἀπηγήσιος

343 659 497 729 εἶναι,
523 660 730 738 ταύτην
754 661 975 742 γράφω·
1018 660 1188 722 ἐπεοῖν
1217 662 1392 722 νῶτον
1419 658 1520 724 ὖός
1543 659 1785 739 δελεάσῃ
1809 661 1938 738 περὶ

342 745 662 827 ἄγκιστρον,
694 750 872 826 μετίει
911 754 968 813 ἐς
1003 750 1185 827 μέσον
1220 748 1320 809 τόν
1355 746 1633 825 ποταμόν·
1672 746 1838 811 αὗτὸς
1878 749 1938 808 δὲ
2005 778 2010 783 ·

342 834 435 893 ἐπὶ
473 839 575 894 τοῦ
611 836 836 915 χείλεος
872 841 973 897 τοῦ
1010 840 1269 914 ποταμοῦ
1311 836 1451 915 ἔχων
1485 836 1745 912 δέλφακα
1775 834 1936 911 ζωήν,

339 919 547 998 ταύτην
584 922 799 984 τύπτει·
850 923 1168 987 ἐπακούσας
1205 922 1267 983 δὲ
1303 927 1404 999 τῆς
1443 926 1633 999 φωνῆς
1671 921 1706 982 ὅ
1746 922 1936 1001 κροκό-

340 1008 523 1074 δειλος
564 1012 707 1072 ἵεται
742 1011 883 1072 κατὰ
917 1012 1021 1089 τήν
1056 1011 1264 1089 φωνὴν,
1303 1011 1542 1090 ἐντυχῶν
1577 1010 1637 1069 δὲ
1675 1011 1753 1089 τῷ
1785 1009 1937 1090 νώτῳ

342 1098 646 1160 καταπίνει·
702 1103 757 1161 οἳ
798 1102 859 1161 δὲ
899 1101 1152 1161 ἕλκουσι·
1213 1098 1384 1159 ἐπεοῖν
1427 1099 1489 1158 δὲ
1527 1098 1838 1176 ἐξελκυσθῇ
1881 1104 1938 1173 ἐς

339 1189 465 1267 γῆν,
515 1191 736 1266 πρῶτον
781 1187 1037 1250 άπάντων
1090 1187 1124 1248 ὅ
1179 1185 1446 1264 θηρευτής
1487 1189 1652 1265 πηλῷ
1697 1184 1817 1247 κατ’
1861 1184 1938 1247 ὦν

340 1274 559 1335 ἔπλασε
598 1275 768 1337 αὐτοῦ
807 1275 936 1339 τούς
975 1274 1328 1353 ὀφθαλμούς·
1366 1275 1535 1335 τοῦτο
1575 1272 1637 1333 δὲ
1672 1271 1933 1350 ποιήσας,

340 1360 517 1437 κάρτα
547 1361 809 1427 εὐπετέως
839 1363 912 1423 τοὶ
942 1360 1120 1424 λοιποὶ
1155 1364 1458 1443 χειροῦται·
1498 1359 1580 1439 μὴ
1607 1360 1850 1438 ποιήσας
1873 1360 1936 1421 δὲ

337 1450 520 1518 τοῦτο,
548 1448 656 1509 σύν
680 1449 853 1529 πόνῳ.

245 1534 317 1595 71
422 1538 496 1594 Οἱ
528 1536 587 1595 δὲ
615 1536 776 1597 ἵπποι
802 1540 856 1597 οἶ
880 1535 1150 1614 ποτάμιοι
1173 1539 1326 1615 νομῷ
1350 1537 1454 1613 μὲν
1484 1539 1561 1616 τῷ
1585 1536 1934 1615 Παπρημίτῃ

340 1621 455 1698 ἱροί
491 1626 618 1694 εἰσι,
661 1628 815 1684 τοῖσι
860 1625 921 1684 δὲ
972 1623 1209 1684 ἄλλοισι
1248 1624 1611 1698 Αἰγυπτίοισι
1657 1624 1758 1684 οὐκ
1803 1625 1932 1701 ἶροί·

337 1707 515 1785 φύσιν
541 1710 601 1771 δὲ
632 1712 970 1791 παρέχονται
998 1711 1144 1789 ἰδέης
1175 1711 1412 1788 τοιήνδε·
1453 1709 1760 1789 τετράπουν
1791 1712 1932 1783 ἐστὶ,

338 1796 588 1876 δίχηλον,
629 1798 829 1881 [οπλαὶ
866 1799 1052 1883 βοός,]
1086 1799 1278 1877 σιμὸν,
1319 1799 1601 1911 λοφιήν”
1571 1825 1702 1879 εχον
1742 1799 1931 1872 ἵππου,

334 1886 734 1965 χαυλιόδοντας
762 1892 979 1966 φαῖνον,
1008 1888 1178 1966 οὖρῆν
1206 1888 1379 1949 ἵππου
1401 1889 1496 1947 καὶ
1523 1886 1732 1964 φωνήν·
1761 1889 1932 1994 μέγα·

339 1973 529 2044 θος,
496 2001 637 2037 οσον
675 2002 738 2037 τε
776 1976 987 2055 βοΰς”
954 2004 986 2037 o
1021 1977 1312 2058 μέγιστος·
1351 2001 1418 2036 το
1459 1976 1635 2053 δέρμα
1673 1974 1721 2034 δ’
1761 1974 1932 2036 αὐτοῦ

336 2061 476 2123 οὕτω
512 2062 582 2140 δή
614 2090 672 2124 τι
704 2063 859 2145 παχύ
892 2070 1031 2138 ἐστι,
1062 2064 1208 2126 ὥστε
1241 2089 1377 2124 αυου
1405 2062 1724 2145 γενομένου,
1753 2063 1932 2133 ξυστα

241 2151 318 2210 72
335 2151 627 2212 ποιέεσθαι
646 2150 873 2214 οἷκόντια
894 2154 955 2223 ἐξ
980 2152 1171 2214 αὐτοῦ.
1199 2156 1204 2161 ’
1229 2155 1486 2212 Γίνονται
1503 2151 1564 2210 δὲ
1585 2150 1676 2209 καὶ
1697 2150 1933 2229 ἐνύδριες

337 2241 397 2297 ἐν
419 2241 497 2317 τῷ
519 2244 768 2319 ποταμῷ,
794 2239 896 2304 τὰς
924 2240 1044 2318 ἱρὰς
1066 2238 1304 2321 ἥγηνται
1329 2238 1487 2299 εἶναι.
1554 2237 1846 2315 νομίζουσι
1871 2238 1932 2298 δὲ

336 2324 427 2382 καὶ
451 2330 564 2384 τῶν
589 2326 793 2405 ἰχθύων
818 2327 917 2387 τὸν
941 2327 1280 2404 καλεύμενον
1303 2325 1611 2386 λεπιδωτόν
1633 2325 1752 2403 ἶρόν
1772 2325 1928 2398 εἶναι,

335 2410 427 2469 καὶ
450 2411 554 2488 τήν
580 2414 832 2493 ἔγχελυν.
894 2414 1045 2490 ἶροΰς
1070 2414 1131 2473 δὲ
1155 2412 1385 2476 τούτους
1407 2416 1512 2472 τοῦ
1536 2414 1752 2473 Νείλου
1778 2415 1928 2490 φασὶ

334 2497 493 2557 εἶναι·
535 2500 627 2558 καὶ
652 2504 761 2560 τῶν
787 2500 1017 2577 ὀρνίθων
1040 2501 1172 2565 τούς
1195 2499 1616 2580 χηναλώπεκας.

240 2585 318 2646 73
404 2584 577 2647 Ἔστι
609 2586 669 2647 δὲ
701 2588 793 2647 καὶ
824 2586 1001 2652 ἄλλος
1032 2586 1183 2666 ὅρνις
1215 2587 1347 2665 ἶρός,
1373 2591 1451 2666 τῷ
1477 2586 1688 2664 οὕνομα
1720 2589 1928 2664 φοῖνιξ·

334 2672 442 2755 ἐγὼ
466 2675 571 2751 μέν
594 2700 692 2752 μιν
718 2674 818 2735 οὐκ
846 2675 993 2735 εἶδον
1018 2680 1066 2737 εἴ
1089 2674 1172 2754 μή
1202 2674 1342 2736 ὅσον
1365 2679 1584 2756 γραφῇ·
1617 2677 1711 2735 καὶ
1732 2676 1843 2757 γοὶρ
1860 2677 1930 2754 δὴ

335 2762 427 2819 καὶ
458 2762 696 2827 σπάνιος
728 2767 994 2844 ἐπιφοιτᾷ
1024 2771 1155 2841 σφι,
1184 2762 1277 2824 διὰ
1310 2765 1471 2824 ἐτέων
1496 2762 1593 2843 (ὥς
1622 2763 1929 2825 Ἡλιουπο-

333 2852 488 2910 λῖται
526 2850 785 2932 λέγουσι)
811 2852 1211 2913 πεντακοσίων·
1251 2855 1458 2928 φοιτᾶν
1497 2852 1558 2911 δὲ
1594 2851 1726 2911 τότε
1759 2852 1928 2928 φασὶ,

335 2937 502 2998 ἐπεάν
541 2942 596 2998 οἱ
634 2938 889 3018 ἀποθάνῃ
918 2938 952 2999 ὅ
982 2939 1188 3017 πατήρ.
1259 2940 1380 2999 ἔστι
1419 2938 1497 3009 δὲ,
1532 2942 1580 2999 εἰ
1616 2943 1690 3017 τῇ
1728 2943 1929 3019 γραφῇ

331 3025 654 3104 παρόμοιος,
680 3027 927 3087 τοσόσδε
962 3028 1054 3086 καὶ
1083 3027 1328 3086 τοιόσδε·
1367 3025 1441 3086 τοὶ
1470 3027 1574 3102 μὲν
1599 3026 1768 3086 αὐτοῦ
1792 3052 1926 3104 χρυ-

332 3111 558 3190 σόκομα
588 3117 698 3175 τῶν
728 3117 959 3191 πτερῶν,
990 3140 1064 3175 τα
1102 3114 1164 3173 δὲ
1204 3113 1424 3191 ἐρυθρά·
1467 3118 1523 3176 ἐς
1559 3138 1633 3172 τα
1668 3112 1928 3189 μάλιστα

332 3203 493 3281 αἰετῷ
516 3202 850 3284 περιήγησιν
883 3199 1228 3277 ὁμοιότατος,
1257 3202 1349 3261 καὶ
1379 3226 1445 3261 το
1429 3199 1928 3280 peraeae-*01⁶3-

327 3311 427 3348 τον
452 3288 512 3348 δὲ
541 3290 777 3371 λέγουσι
799 3288 1167 3369 μηχανᾶσθαι
1188 3287 1339 3358 τάδε,
1366 3287 1493 3364 ἐμοὶ
1522 3310 1628 3363 μεν
1653 3283 1719 3344 οὖ
1743 3284 1928 3345 πιστα
