2267 3517
380 104 665 168 184—1871
958 102 1412 154 mmmmm.
1886 106 1981 154 3⁵5

381 185 669 266 ἐπιχώριοι
693 186 851 246 εἶναι·
914 184 1007 244 ἐπὶ
1028 183 1232 246 τούτου
1257 189 1359 246 τοῦ
1395 187 1583 261 οὔρεος
1619 179 1674 244 οἰ
1704 185 1983 262 ἅνθρωποι

380 300 539 335 ουτοι
564 273 839 351 ε’πῶνυμοι
864 273 1140 354 ἐγένοντο·
1182 272 1478 332 καλέονται
1504 272 1614 353 γὰρ
1641 272 1710 347 δὴ
1736 272 1979 334 ’Ἄτλαν-

378 387 489 425 τες·
531 364 792 444 λέγονται
829 362 888 421 δὲ
920 387 1047 422 ουτε
1079 361 1332 439 ἔμψυχον
1357 359 1513 420 οὐδὲν
1540 361 1829 421 σιτέεσθαι
1856 387 1982 423 ουτε

382 449 607 510 ἐνύπνια
634 451 789 528 ὁρᾶν.

460 539 653 618 Μέχρι
676 541 781 615 μὲν
806 537 876 613 δή
899 540 1011 598 τῶν
1032 535 1354 596 Ἀτλάντων
1375 534 1598 607 τούτων,
1627 536 1734 616 ἔχω
1756 563 1828 597 τα
1853 534 1942 598 οὗ·
1962 540 2077 605 185

380 625 598 704 νόματα
622 629 734 687 τῶν
749 631 807 686 ἐν
831 629 903 705 τῇ
919 624 1115 735 ὀφρύῃ
1143 625 1550 700 κατοικημένων
1570 624 1889 694 καταλέξαι·
1914 624 1980 686 τό

380 713 495 773 δ”
460 715 572 775 απὸ
611 713 837 784 τούτων,
872 712 1072 773 οὐκέτι·
1113 712 1290 788 διήκει
1329 710 1376 772 δ’
1409 711 1482 772 ὧν
1518 712 1555 788 ἦ
1593 711 1779 790 ὀφρύη
1813 713 1984 791 μέχρι

377 800 733 880 Ἠρακληΐων
772 802 1043 879 στηλέων,
1081 801 1176 860 καὶ
1203 826 1270 862 το
1309 801 1409 870 ἔξω
1447 801 1702 860 τουτέων·
1758 801 1882 860 ἔστι
1923 801 1983 860 δὲ

378 888 518 954 ἁλός
555 917 618 952 τε
656 892 944 968 μέταλλον
974 895 1035 950 ἐν
1064 888 1207 968 αὐτῇ
1243 887 1336 948 δια.
1376 887 1507 947 δέκα
1542 887 1789 965 ἡμερέων
1825 887 1977 958 ὁδοῦ,

380 978 473 1037 καὶ
504 977 785 1057 ανθρωποι
826 981 1113 1040 οἰκέοντες·
1156 976 1230 1037 τοὶ
1261 977 1321 1036 δὲ
1361 977 1507 1036 οἰκία
1541 973 1797 1036 τούτοισι
1833 980 1981 1036 πᾶσι

380 1069 441 1125 ἐκ
464 1071 575 1127 τῶν
601 1067 805 1127 ἁλίνων
828 1066 1076 1145 χόνδρων
1096 1064 1505 1140 οἰκοδομέαται·
1534 1068 1711 1124 ταῦτα
1735 1063 1845 1145 γοὶρ
1872 1062 1980 1140 ἤδη

378 1157 478 1228 τῆς
502 1154 722 1231 Λιβύης
746 1152 1011 1232 ἄνομβρα.
1036 1158 1181 1213 ἐστι·
1214 1151 1278 1211 οὗ
1295 1152 1405 1233 γὰρ
1427 1150 1494 1218 ἂν
1511 1150 1776 1227 ἠδυνέατο
1793 1153 1979 1229 μένειν

380 1245 433 1300 οῖ
466 1245 649 1320 τοῖχοι
688 1241 868 1306 ε’όντες
898 1241 1097 1312 ἅλινοι,
1133 1245 1182 1300 εἰ
1217 1238 1299 1300 ὗε.
1367 1239 1400 1300 ὁ
1427 1240 1488 1302 δὲ
1520 1239 1626 1304 ἃλς
1657 1237 1852 1302 αὐτόθι
1883 1241 1978 1300 καὶ

376 1329 576 1392 λευκὸς
608 1330 701 1388 καὶ
732 1328 1050 1407 πορφύρεος
1074 1327 1142 1390 τό
1176 1329 1318 1392 εἶδος
1347 1327 1670 1407 ὀρύσσεται.
1734 1327 1875 1406 ὑπὲρ
1915 1329 1977 1388 δὲ

376 1421 477 1492 τῆς
502 1417 716 1494 ὀφρύης
739 1417 958 1494 ταύτης,
978 1417 1045 1477 τὸ
1070 1415 1214 1494 πρὸς
1238 1417 1401 1478 νότον
1421 1417 1512 1476 καὶ
1536 1414 1852 1498 μεσόγαιαν
1875 1420 1978 1493 τῆς

376 1504 613 1582 Λιβύης,
630 1511 834 1584 ε’ρῆμος
860 1506 951 1566 καὶ
976 1504 1208 1583 ἄνυδρος
1234 1506 1326 1567 καὶ
1351 1504 1557 1582 ἄθηρος
1573 1505 1666 1565 καὶ
1689 1502 1976 1583 ἄνομβρος

376 1593 469 1652 καὶ
508 1592 713 1664 ἅξυλός
748 1599 873 1656 ἐστι
906 1593 947 1671 ἧ
984 1593 1162 1674 χώρη·
1204 1594 1299 1654 καὶ
1339 1594 1569 1672 ἰκμάδος
1601 1594 1724 1655 ἐστὶ
1750 1597 1808 1654 ἔν
1833 1591 1976 1672 αὐτῇ

376 1681 573 1742 οὐδέν.

457 1768 617 1830 Ουτω
654 1796 759 1847 μεν
787 1770 958 1848 μέχρι
992 1773 1092 1844 τῆς
1126 1769 1450 1846 Τριτωνίδος
1480 1769 1685 1844 λίμνης
1716 1767 1812 1828 ἀπ’
1837 1773 1936 1827 Αἰ-
1955 1769 2070 1828 186

372 1855 589 1942 γύπτου
614 1856 849 1933 νομαδες
874 1856 987 1916 εἰσι
1014 1855 1323 1935 κρεοφάγοι
1347 1880 1411 1915 τε
1437 1856 1531 1914 καὶ
1553 1855 1978 1936 γαλακτοπόται

373 1935 603 2020 Λίβυες·
644 1943 739 2002 καὶ
774 1943 989 2019 θηλέων
1026 1967 1091 2002 τε
1120 1944 1279 2018 βοῶν
1315 1940 1380 2001 οὔ
1414 1967 1473 2002 τι
1499 1941 1806 2022 γευόμενοι,
1835 1941 1978 2002 διότι

373 2055 479 2106 περ
516 2030 641 2090 οὐδὲ
670 2029 988 2111 Αἰγύπτιοι·
1030 2029 1123 2088 καὶ
1147 2028 1211 2093 ὗς
1236 2055 1302 2088 ου
1326 2030 1646 2108 τρέφοντες·
1685 2030 1844 2106 βοῶν
1867 2030 1973 2106 μέν

374 2143 471 2177 νυν
511 2118 727 2194 θηλέων
768 2115 881 2177 οὔδ’
928 2120 987 2177 αἰ
1039 2118 1366 2194 Κυρηναίων
1413 2120 1668 2198 γυναῖκες
1709 2116 1979 2177 δικαιεῦσι

372 2205 699 2278 πατέεσθαι,
738 2205 827 2266 διὰ
868 2205 972 2282 τήν
1004 2209 1063 2266 ἐν
1102 2205 1368 2287 Αἰγύπτῳ
1389 2205 1555 2275 Ἶσιν,
1582 2204 1738 2264 ἀλλά.
1765 2204 1856 2265 καὶ
1882 2229 1976 2282 νη-

372 2293 563 2356 στείας
599 2294 741 2374 αὐτῇ
780 2294 873 2354 καὶ
904 2293 1071 2371 ὁρτὰς
1103 2295 1474 2360 ἐπιτελέουσι·
1517 2295 1576 2353 αἰ
1609 2292 1670 2353 δὲ
1694 2297 1804 2354 τῶν
1829 2299 1976 2373 Βαρ-

373 2382 541 2442 καίων
572 2386 827 2463 γυναῖκες
866 2382 993 2442 οὐδὲ
1024 2381 1134 2442 ὖῶν
1160 2381 1301 2459 πρὸς
1330 2385 1468 2460 τῇσι
1493 2382 1672 2458 βουσὶ
1697 2380 1974 2464 γεύονται·

370 2474 549 2530 ταῦτα
582 2473 687 2546 μὲν
718 2469 787 2546 δή
830 2469 969 2531 οὕτω
996 2472 1130 2550 ἔχει.
1199 2469 1278 2530 Τό
1306 2470 1366 2530 δὲ
1391 2468 1535 2548 πρὸς
1551 2471 1802 2546 ,ἑσπέρης
1834 2473 1936 2546 τῆς
1954 2469 2065 2530 187

370 2559 698 2634 Τριτωνίδος
732 2559 934 2635 λίμνης
974 2559 1160 2622 οὐκέτι
1189 2558 1424 2637 νομάδες
1455 2559 1568 2618 εἰσὶ
1590 2559 1822 2635 Λίβυες,
1849 2557 1977 2618 οὐδὲ

370 2645 600 2722 νόμοισι
628 2651 782 2707 τοῖσι
822 2647 1045 2707 αὐτοῖσι
1080 2645 1403 2726 χρεώμενοι,
1431 2646 1558 2706 οὐδὲ
1585 2645 1728 2707 κατὰ
1750 2645 1823 2707 τοὶ
1847 2671 1974 2706 παι·-

370 2732 463 2794 δία
496 2738 777 2798 ποιεῦντες
815 2734 935 2796 οἶόν
959 2761 1016 2796 τι
1042 2735 1136 2794 καὶ
1163 2738 1218 2796 οἰ
1241 2734 1475 2813 νομάδες
1511 2735 1722 2796 ἐώθασι
1745 2735 1972 2802 ποιέειν·

368 2824 425 2880 οἰ
456 2821 567 2902 γοὶρ
606 2822 675 2898 δὴ
704 2827 815 2883 τῶν
854 2823 1085 2900 Λιβύων
1114 2823 1363 2901 νομάδες,
1391 2826 1470 2900 (εἰ
1497 2813 1602 2901 μέν
1625 2823 1844 2894 πάντες,
1872 2821 1974 2883 οὐκ

371 2909 479 2987 ἔχω
518 2909 783 2986 ἀτρεκέως
815 2915 983 2970 τοῦτο
1010 2910 1202 2992 εἶπαι,)
1227 2914 1455 2979 ποιεῦσι
1480 2913 1540 2971 δὲ
1566 2909 1746 2972 αὐτῶν
1771 2910 1975 2990 συχνοὶ

370 2996 573 3058 τοιάδε·
614 3002 724 3059 τῶν
748 2998 979 3060 παιδίων
1002 3002 1114 3059 τιῦν
1141 2999 1445 3076 σφετέρων,
1472 2998 1640 3060 ε’πεοὶν
1675 2999 1972 3076 τετραέτεα

370 3085 611 3164 γένηται,
644 3085 821 3164 οἴσπῃ
860 3086 1165 3163 προβάτων
1191 3087 1414 3146 καίουσι
1438 3086 1539 3150 τοὶς
1565 3091 1624 3146 ἐν
1649 3088 1787 3164 τῇσι
1815 3110 1972 3163 κορυ-

368 3175 521 3252 φῇσι
567 3174 815 3252 φλέβας·
866 3174 1214 3253 μετεξέτερα
1253 3174 1312 3234 δὲ
1353 3173 1548 3245 αὖτῶν,
1580 3173 1682 3237 τσῖς
1723 3179 1782 3234 ε’ν
1816 3177 1973 3234 τοῖσι

368 3261 727 3339 κροτάφοισι·
767 3262 931 3324 τοῦδε
958 3263 1156 3334 εἵνεκα,
1179 3262 1250 3328 ὥς
1273 3262 1356 3341 μή
1383 3267 1567 3340 σφεας
1593 3267 1648 3326 ἐς
1671 3259 1772 3324 τᾶν
1787 3261 1972 3326 πάντα

2115 3351 2180 3380 Α
2219 3337 2226 3380 Ι
