2267 3517
320 129 418 180 194
934 125 1302 177 ἯΡοΔοίῸϊ
1815 123 1911 188 [11.

321 203 640 282 φοιτέοντες
659 203 802 283 πρὸς
819 203 1107 286 τῶγαλμα,
1131 205 1406 280 ἐσέβοντο
1424 203 1701 283 μεγάλως·
1726 203 1918 281 μαθων

321 291 439 353 δὲε
407 319 438 353 ο
468 291 719 368 Ἀμασις
757 316 824 351 το
857 296 918 350 ἐκ
956 295 1066 350 τῶν
1106 288 1297 351 ἀστῶν
1334 289 1676 367 ποιεύμενον,
1712 315 1917 370 συγκα-

318 379 496 442 λέσας
520 380 855 459 Αἰγυπτίους
882 379 1113 456 ἐξέφῃνε
1145 377 1259 454 φας
1289 382 1349 437 ἐκ
1385 381 1485 437 τοῦ
1510 377 1918 455 ποδανιπτῆρος

319 464 592 546 τῶγαλμα
616 466 920 547 γεγονέναι,
946 471 1002 529 ἐς
1024 465 1124 526 τόν
1165 464 1437 542 πρότερον
1465 466 1569 541 μὲν
1597 463 1728 528 τούς
1751 469 1917 546 Αἰγυ-

319 553 513 616 πτίους
553 556 764 630 ἐνεμεῖν
801 579 865 614 τε
905 554 997 636 καὶ
1036 553 1305 630 ἐνουρέειν
1331 552 1425 611 καὶ
1462 551 1637 615 πόδας
1671 553 1915 612 ἐναπονί-

320 640 535 712 ζεσθαι,
575 640 704 700 τότε
743 639 804 700 δὲ
841 639 1102 722 μεγάλως
1141 640 1444 716 σέβεσθαι·
1523 637 1633 715 ἤδη
1673 637 1917 716 ὥν,,ἔφη

319 726 517 807 λέγων,
544 726 746 805 ὁμοίως
773 726 936 792 αὐτὰς
959 730 1038 806 τῷ
1071 726 1442 802 ποδανιπτῆρι
1468 727 1828 807 πεπρηγέναι·
1870 732 1919 788 εἷ

319 812 432 896 γὰρ
471 813 742 893 πρότερον
783 815 924 876 εἶναι
962 814 1223 892 δημότης,
1271 811 1403 873 ἀλλ’
1444 817 1504 873 ἐν
1539 817 1619 892 τῷ
1654 812 1917 892 παρεόντι

321 900 464 962 εἶναι
501 901 682 962 αὐτῶν
719 902 1017 979 βασιλεύς·
1065 902 1159 962 καὶ
1197 905 1365 979 τιμᾶν
1402 925 1466 962 τε
1506 901 1601 960 καὶ
1637 903 1917 979 προμηθέ-

321 990 487 1050 εσθαι
528 991 728 1050 ἑωυτοῦ
769 991 999 1050 ἐκέλευε.
1083 988 1315 1068 τοιούτῳ
1347 989 1451 1065 μὲν
1480 987 1669 1067 τρόπῳ
1704 1014 1917 1068 προση-

320 1076 530 1158 γάγετο
551 1076 702 1141 ’τούς
744 1078 1096 1159 Αἰγυπτίους,
1142 1075 1286 1136 ὥστε
1332 1075 1583 1150 δικαιοῦν
1617 1075 1916 1137 δουλεύειν.

230 1162 349 1224 173
415 1163 660 1244 Ἐχρᾶτο
686 1165 746 1224 δὲ
766 1164 1110 1226 καταστάσει
1127 1161 1470 1245 πρηγμάτων
1486 1162 1691 1242 τοιῇδε·
1702 1163 1790 1224 ’τό
1814 1166 1918 1240 μὲν

321 1247 563 1329 ὄρθριον,
615 1252 784 1331 μέχρι
835 1251 967 1312 ὅτου
1011 1249 1313 1329 πληθώρης
1358 1247 1582 1330 οἷγορῆς,
1622 1249 1919 1327 προθύμως

323 1338 577 1413 ἔπρησσε
613 1338 688 1398 τοὶ
726 1338 1165 1416 προσφερόμενα
1203 1335 1527 1417 πρήγματα·
1597 1337 1665 1397 τὰ
1705 1336 1766 1397 δὲ
1802 1336 1916 1399 <iera

321 1423 520 1484 τούτου
545 1424 696 1484 ἔπινέ
716 1449 780 1484 τε
816 1424 910 1484 καὶ
945 1424 1300 1483 κατέσκωπτε
1328 1448 1461 1486 τους
1488 1422 1799 1499 συμπότας,
1824 1425 1917 1485 καὶ

321 1507 395 1586 ἦν
415 1508 649 1587 μάταιός
672 1535 736 1570 τε
761 1512 854 1570 καὶ
885 1510 1252 1592 παιγνιήμων·
1320 1509 1688 1590 ἀχθεσθέντες
1712 1509 1771 1570 δὲ
1793 1512 1916 1572 τού-

324 1621 480 1657 τοισι
531 1599 586 1656 οἱ
636 1597 802 1673 φιλοι
867 1594 1037 1657 αὐτοῦ
1105 1596 1419 1657 ἐνουθέτεον
1484 1595 1667 1668 αὐτὰν,
1732 1599 1918 1660 τοιάδε
1943 1633 1949 1638 ·

323 1683 602 1764 λέγοντες·
663 1683 749 1720 “
707 1710 750 1742 ω
794 1684 1061 1761 βασιλεῦ,
1109 1682 1208 1743 οὐκ
1251 1681 1429 1760 ορθῶς
1468 1688 1712 1760 σεωυτρῦ
1754 1685 1915 1763 προέ-

326 1794 554 1847 στηκας,
591 1773 648 1834 ἐς
674 1769 742 1831 τό
782 1769 926 1852 ἄγαν
965 1773 1191 1848 φαῦλον
1222 1770 1482 1852 προάγων
1508 1771 1766 1832 σεωυτόν.
1846 1777 1918 1835 σὲ

326 1858 438 1940 γοὶρ
488 1860 633 1937 χρῆν
677 1861 737 1918 ἐν
777 1858 955 1938 θρόνῳ
1008 1861 1197 1938 σεμνῷ
1248 1857 1461 1935 σεμνὰν
1516 1858 1805 1929 θωκέοντα,
1848 1860 1918 1919 δι’

324 1945 534 2024 ἡμέρης
558 1944 839 2024 πρῆσσειν
862 1946 936 2006 τοὶ
963 1945 1287 2026 πρήγματα·
1328 1945 1421 2004 καὶ
1456 1943 1597 2004 οὕτω
1623 1944 1925 2027 Αἰγύπτιοί

324 2032 376 2094 τ’
399 2031 473 2113 ἂν
494 2033 792 2094 ἐπιστέατο
819 2032 890 2098 ὥς
912 2032 1006 2095 ὐπ’
1033 2031 1231 2111 ἀνδρὸς
1252 2031 1507 2113 μεγάλου
1534 2029 1801 2111 ἄρχονται
1825 2035 1917 2094 καὶ

327 2119 552 2199 ἄμεινον
577 2121 652 2182 σύ
679 2119 748 2182 ἂν
770 2120 985 2197 ἤκουες·
1024 2125 1122 2183 νῦν
1146 2121 1207 2181 δὲ
1235 2119 1439 2183 ποιέεις
1471 2117 1723 2196 οὐδαμῶς
1745 2122 1917 2196 βασι-

327 2208 512 2270 λικοί.”
579 2208 613 2270 ὅ
643 2209 690 2267 δ’
715 2207 983 2286 α’μείβετο
1021 2208 1237 2269 τοισίδε
1276 2205 1495 2271 αὐτούς·
1537 2216 1575 2242 “
1588 2206 1661 2267 τοὶ
1691 2207 1829 2278 τόξα
1864 2212 1918 2268 οἶ

329 2297 667 2372 κεκτημένοι,
699 2295 866 2356 ἐπεὰν
893 2298 999 2374 μὲν
1032 2295 1259 2356 δέωνται
1291 2295 1545 2374 χρᾶσθαι
1580 2294 1917 2367 ἐντανύουσι,

329 2379 521 2463 [ἐπεὰν
571 2381 631 2442 δὲ
681 2382 1020 2461 χρήσωνται,
1066 2381 1373 2462 ἐκλύουσι]·
1439 2384 1488 2440 εἰ
1537 2379 1648 2461 γσῖρ
1698 2381 1768 2458 δή
1818 2382 1919 2444 τὸν

328 2467 513 2529 πάντα
539 2468 744 2548 χρόνον
783 2469 1112 2545 ἐντεταμένα
1144 2469 1247 2545 εἴη,
1282 2468 1537 2549 ἐκραγείη
1564 2466 1650 2528 ἅν·
1690 2467 1839 2529 ὥστε
1864 2474 1919 2534 ἐς

327 2555 397 2616 τὰ
437 2555 562 2616 δέον
600 2554 700 2615 οὐκ
738 2553 808 2617 ἂν
846 2557 1026 2636 ἔχοιεν
1065 2554 1288 2616 αὐτοῖσι
1325 2557 1595 2634 χρῆσθαι.
1677 2555 1819 2616 οὕτω
1849 2557 1918 2635 δή

329 2642 424 2702 καὶ
467 2641 760 2720 ἀνθρώπου
804 2643 1167 2708 κατάστασις·
1224 2647 1273 2703 εἰ
1314 2644 1499 2704 ἐθέλοι
1545 2645 1919 2705 κατεσπουδά-

328 2731 467 2791 σθαι
490 2731 598 2790 atet
621 2731 763 2808 μηδὲ
793 2735 849 2795 ἐς
885 2732 1147 2813 παιγνίην
1170 2729 1237 2791 τὸ
1270 2731 1437 2808 μέρος
1468 2730 1667 2791 ἑωυτὸν
1692 2730 1917 2802 ἀνιέναι,

327 2816 498 2878 λάθοι
531 2815 600 2878 ἂν
627 2817 756 2894 ἤτοι
787 2818 980 2895 μανεὶς
1009 2816 1046 2895 ἢ
1072 2817 1171 2898 ὅγε
1209 2815 1571 2894 ἀπόπληκτος
1606 2816 1919 2898 γενόμενος·

327 2929 402 2964 τα
441 2904 548 2987 ἐγω
589 2906 972 2983 ἐπιστάμενος,
997 2905 1165 2982 μέρος
1198 2903 1434 2984 ἑκατέρω
1472 2905 1635 2981 νέμω.
1744 2909 1921 2966 ταῦτα

237 2989 353 3053 174
367 3018 472 3069 μεν
492 2992 622 3056 τούς
647 2992 850 3068 <justove
873 2991 1170 3069 ἀμείψατο.
1251 2992 1491 3072 Λέγεται
1521 2990 1638 3049 δὲ’
1606 3017 1637 3050 ο
1653 2989 1920 3080 Ἄμασις,

329 3080 422 3138 καὶ
446 3079 540 3140 ὅτε
563 3078 634 3156 ἦν
654 3078 884 3156 ἰδιώτης,
905 3104 979 3143 ως
1003 3077 1374 3154 φιλοπότης’
1348 3103 1450 3138 εων
1477 3077 1569 3137 καὶ
1594 3067 1923 3156 φιλοσκώμ-

329 3191 464 3242 μων,
505 3167 599 3226 καὶ
649 3165 900 3243 οὐδαμῶς
949 3165 1509 3240 κατεσπουδασμένος
1559 3162 1718 3239 αἷνήρ·
1787 3163 1925 3228 ὅκως

331 3251 396 3309 δέ
442 3278 540 3330 μιν
591 3253 872 3314 ἐπιλείποι
919 3250 1155 3336 πίνοντᾴ
1202 3275 1266 3310 τε
1319 3250 1412 3310 καὶ
1462 3249 1803 3310 εὐπαθέοντα
1850 3252 1925 3310 τὰ
