2267 3517
319 141 419 190 202
917 125 1287 188 ‘HPOAowo‘r
1780 137 1915 203 [111.

317 240 404 281 τις
440 213 526 286 ἂν,
567 218 744 276 ταῦτα
779 215 1239 292 α’ναισιμοῦνταις
1282 215 1390 298 ἐγῶ
1430 217 1523 275 καὶ
1561 219 1729 277 τοῦτο
1770 217 1911 294 φρά-

319 329 422 365 σω·
471 302 558 361 δεῖ
587 301 689 362 τᾶν
725 304 830 378 μὲν
867 303 1157 382 δήμαρχον
1190 303 1428 364 ἕκαστον
1468 308 1529 363 ἐκ
1566 307 1670 380 τῆς
1710 309 1917 366 ἑωυτοῦ

318 390 519 453 πόλιος
571 390 926 459 συλλέξαντα
977 389 1162 450 πάντα
1213 389 1316 451 τδν
1360 391 1601 468 κέραμον
1648 391 1806 472 ἄγειν
1862 399 1917 460 ἐς

317 479 575 555 Μέμφιν·
649 502 779 541 τους
831 477 891 537 δὲ
941 483 1003 538 ἐκ
1063 479 1333 555 Μέμφιος
1388 484 1445 542 ἐς
1493 482 1669 539 ταῦτα
1723 481 1792 556 δη
1845 482 1918 542 τοὶ

317 564 525 642 ἄνυδρα
590 567 688 640 τῆς
751 566 954 642 Συρίης
1021 566 1265 642 κομίζειν
1314 565 1648 642 πλήσαντας
1698 567 1915 634 ὕδατος·

318 653 460 715 οὕτω
511 653 545 715 ὁ
599 655 927 729 ἐπιφοιτέων
986 655 1225 731 κέραμος
1284 654 1376 713 καὶ
1430 653 1807 731 ἐξαιρεόμενος
1858 661 1918 718 ἐν

318 742 580 822 Αἶγῦπτω
636 742 729 801 ἐπὶ
784 741 885 802 τόν
941 741 1187 802 παλαιὸν
1248 742 1530 819 κομίζεται
1582 747 1639 805 ἐς
1690 743 1914 820 Συρίην.

255 829 290 890 7
319 828 481 904 Οὕτω
504 830 609 907 μέν
641 854 737 890 νυν
770 830 995 905 Πέρσαι
1033 829 1147 888 εισὶ
1180 827 1241 888 οἶ
1275 827 1382 904 τήν
1420 828 1681 905 ἐσβολην
1709 830 1917 907 ταύτην

316 915 844 992 παρασκευάσαντες
891 916 976 976 ἐπ’
1020 917 1321 998 Αἴγυπτον,
1368 916 1509 1004 κατὰ
1549 916 1618 991 δὴ
1659 916 1732 977 τοὶ
1773 921 1915 994 εἰρη-

313 1006 459 1082 μένα
500 1005 768 1076 σάξαντες
811 1003 985 1075 υδατι,
1027 1005 1153 1064 ἐπεί
1188 1029 1250 1065 τε
1294 999 1539 1084 τάχιστα
1582 1005 1916 1082 παρέλαβον

316 1094 620 1174 Αἵγιηττον·
671 1091 799 1153 τότε
847 1093 906 1153 δὲ
950 1119 1049 1152 ουκ
1091 1091 1277 1156 ἐόντος
1320 1118 1396 1151 κω
1436 1092 1633 1156 ὕδατος
1675 1095 1913 1170 ἑτοίμου,

317 1181 645 1258 Καμβύσης
689 1180 1001 1258 πυθόμενος
1044 1185 1145 1239 τοῦ
1184 1179 1675 1256 Ἀλικαρνησσῆος
1716 1181 1911 1252 ξείνου,

315 1261 541 1347 πέμψας
585 1268 738 1346 παραὶ
783 1269 885 1329 τόν
929 1267 1205 1344 Αράβιον
1248 1267 1525 1348 αγγέλους
1566 1269 1658 1327 καὶ
1704 1267 1913 1344 δεηθεὶς

312 1360 414 1431 τῆς
453 1355 839 1432 ἀσφαλείης”
810 1381 986 1436 ετυχε,
1013 1356 1206 1419 πίστις
1240 1354 1368 1419 δους
1405 1379 1468 1415 τε
1494 1355 1587 1414 καὶ
1620 1355 1913 1433 δεξάμενος

313 1441 447 1519 παρ’
472 1442 665 1502 αὐτοῦ.

252 1533 298 1589 8
379 1531 674 1635 ‘Ze'ssovrat
730 1529 789 1589 δὲ
838 1528 1104 1606 Αράβιοι
1156 1529 1347 1593 πίστις
1392 1527 1693 1608 ἀνθρώπων
1743 1529 1913 1608 ὄμοῖα

312 1619 466 1677 τοῖσι
499 1616 773 1693 μάλιστα.
855 1621 1139 1676 ποιεῦνται
1178 1616 1238 1675 δέ
1273 1642 1444 1681 αυτας
1481 1617 1670 1697 τρόπῳ
1703 1619 1911 1698 τοιῷδε·

311 1729 424 1764 των
466 1705 831 1781 βουλομένων
873 1705 945 1765 τοὶ
991 1704 1173 1765 πιστοὶ
1211 1705 1505 1765 ποιέεσθαι
1552 1704 1730 1770 ἄλλος
1772 1706 1911 1785 ἀνὴρ

313 1791 642 1869 ἀμφοτέρων
669 1791 849 1853 αυτῶν
877 1797 936 1853 ἐν
959 1793 1118 1872 μέσω
1147 1817 1366 1862 εστεως,
1392 1793 1534 1873 λίθῳ
1561 1792 1681 1864 ὀξέϊ
1704 1821 1771 1855 το
1801 1796 1912 1855 ἔσω

311 1883 422 1940 τῶν
471 1883 702 1960 χειρῶν
721 1881 876 1958 παρὰ
918 1906 1048 1945 τους
1095 1879 1400 1944 δακτύλους
1451 1906 1580 1944 τους
1630 1880 1912 1964 μεγάλους

312 1968 597 2045 ἐπιτάμνει
637 1973 749 2031 τῶν
792 1970 1129 2047 ποιευμένων
1171 1969 1272 2033 τὰς
1312 1969 1521 2032 πίστις·
1588 1971 1681 2028 καὶ
1721 1971 1911 2031 ἔπειτα

309 2057 510 2132 λαβών
536 2061 597 2116 ἐκ
622 2061 724 2118 τοῦ
751 2058 969 2134 ἱματίου
1002 2058 1263 2134 ἐκατέρου
1303 2056 1558 2134 κροκύδα,
1586 2055 1809 2134 ἀλείφει
1832 2061 1911 2138 τῷ

311 2145 503 2221 αἵματι
551 2149 610 2206 ἐν
651 2147 809 2225 μέσῳ
852 2145 1132 2223 κειμένους
1174 2145 1366 2208 λίθους
1414 2145 1571 2204 ἐπι-ά·
1638 2150 1808 2205 τοῦτο
1849 2146 1909 2207 δὲ

309 2233 508 2294 ποιέων
535 2235 814 2292 ἐπικαλέει
840 2233 940 2293 τόν
965 2259 1026 2293 τε
1055 2232 1335 2293 Διόνυσον
1363 2233 1455 2292 καὶ
1480 2233 1583 2308 τήν
1611 2232 1906 2310 Οὐρανίην·

309 2320 733 2383 ἐπιτελέσαντος
765 2321 823 2379 δὲ
862 2319 1062 2380 τούτου
1093 2323 1286 2388 ταῦτα,
1323 2317 1357 2378 ὅ
1389 2319 1491 2383 τας
1521 2319 1712 2384 πίστις
1750 2346 1905 2398 ποιη-

309 2406 552 2483 σάμενος
581 2411 733 2468 τοῖσι
769 2407 999 2483 φίλοισι
1037 2409 1331 2487 παρεγγυᾷ
1359 2406 1459 2466 τᾶν
1496 2407 1690 2477 ξεῖνον,
1716 2407 1777 2488 (ἢ
1815 2411 1907 2468 καὶ

307 2495 407 2556 τὸν
440 2493 617 2556 ἅστόν
642 2493 712 2571 ἦν
744 2495 885 2572 πρὸς
911 2493 1089 2554 αἷστόν
1114 2494 1411 2572 ποιέηται,)
1442 2497 1496 2554 οἶ
1522 2494 1581 2553 δὲ
1609 2497 1776 2570 φίλοι
1814 2497 1907 2555 καὶ

309 2581 469 2642 αὐτοὶ
491 2582 594 2646 τοῖς
624 2583 815 2645 πίστις
847 2582 1118 2642 δικαιεῦσι
1155 2582 1455 2658 σέβεσθαι.
1541 2581 1822 2643 Διόνυσον
1846 2584 1906 2643 δέ

310 2671 438 2732 θεόν
473 2675 684 2748 μοῦνον
723 2671 816 2729 καὶ
852 2670 957 2747 τήν
999 2670 1279 2747 Οὐρανίην
1317 2669 1578 2751 ἡγεῦνται
1614 2671 1772 2731 εἶναι·
1812 2672 1905 2731 καὶ

308 2762 418 2820 τῶν
469 2763 674 2840 τριχῶν
724 2759 831 2835 τὴν
882 2759 1086 2836 κουρὴν
1132 2758 1423 2834 κείρεσθαί
1466 2764 1615 2834 φασι
1658 2758 1903 2837 κατάπερ

309 2846 476 2908 αὖτόν
503 2847 603 2908 τᾶν
630 2848 909 2908 Διόνυσον
945 2846 1225 2923 κεκάρθαι·
1268 2847 1540 2923 κείρονται
1567 2846 1628 2906 δὲ
1652 2846 1903 2924 περιτρό-

306 2939 476 3015 χαλα,
517 2936 932 3013 περιξυροῦντες
971 2934 1101 2998 τούς
1137 2932 1467 3010 κροτάφους·
1529 2933 1904 3010 οὖνομάζουσι

307 3024 367 3083 δὲ
417 3024 516 3084 τᾶν
565 3026 668 3101 μὲν
723 3021 1002 3083 Διόνυσον
1049 3021 1317 3100 Ὀροτσῖλ,
1358 3022 1464 3099 τήν
1516 3022 1576 3081 δὲ
1625 3021 1905 3100 Οὐρανίην

304 3109 562 3172 Ἀλιλάτ.

252 3201 288 3256 9
383 3198 544 3259 Ἐπεὶ
573 3199 649 3262 ὧν
679 3197 784 3274 τὴν
812 3198 1007 3258 πίστιν
1040 3199 1195 3258 τοῖσι
1226 3195 1524 3278 α’γγέλοισι
1557 3199 1711 3258 τοῖσι
1745 3195 1903 3274 παρᾶ.

323 3286 638 3362 ἼἻιμβῦσεω
663 3286 1023 3369 ἀπιγμένοισι
1052 3285 1361 3362 ἐποιήσατο
1390 3283 1423 3344 ὅ
1453 3284 1739 3361 Ἀράβιος,
1768 3288 1897 3362 ἐμη-
