2267 3517
337 137 436 185 262
950 134 1321 184 ἨΡΟΔΟΤΟΤ
1808 130 1941 196 [III.

339 212 568 290 λόμενα,
614 212 812 273 κτείνει
851 237 950 289 μιν
991 211 1177 271 ὀπίσω
1220 208 1602 288 κομιζόμενον,
1646 207 1851 286 ἄνδρας
1890 213 1947 270 οἷ

339 300 574 363 ὖπείσας
607 298 725 360 κατ’
751 298 896 370 ὅδόν,
929 299 1259 362 ἀποκτείνας
1290 299 1354 358 δέ
1384 323 1483 374 μιν
1511 296 1763 373 ἠφάνισε
1798 295 1947 378 αὐτῷ

249 388 410 448 127⁰
384 413 552 466 ιππω.
636 391 874 464 Δαρεῖος
913 387 974 446 δὲ
1014 386 1086 450 ὥς
1126 387 1263 465 ἔσχε
1302 385 1407 461 τήν
1446 385 1644 464 ἀρχὴν,
1677 384 1945 460 ἐπεθυμεε

336 499 436 536 τον
471 475 732 560 Ὀροίτεα
766 475 1057 544 τίσασθαι,
1093 473 1316 534 πάντων
1349 499 1411 533 τε
1446 477 1557 532 τῶν
1591 471 1944 548 ἀδικημάτων

341 563 543 622 εἵνεκεν
567 563 660 622 καὶ
683 561 942 639 μάλιστα
969 561 1351 639 Μιτραβάτεω
1379 561 1471 620 καὶ
1495 564 1598 620 τοῦ
1622 558 1839 622 παιδός·
1880 565 1943 620 ἐκ

335 653 441 728 μὲν
485 649 557 726 δη
602 654 704 725 τῆς
751 651 922 723 ἰθείης
965 675 1212 723 στρατον
1258 649 1344 709 ἐπ’
1390 647 1560 708 αὐτόν
1608 671 1709 708 ουκ
1757 646 1943 708 ἐδόκεε

335 739 591 817 πέμπειν,
644 736 744 798 ἅτε
797 733 1085 798 οἰδεόντων
1134 737 1218 798 ἔτι
1274 740 1387 797 τῶν
1438 734 1794 816 πρηγμάτων,
1848 737 1942 796 καὶ

336 827 538 887 νεωστὶ
572 827 713 906 ἔχων
742 825 848 900 τήν
887 825 1084 904 α’ρχήν,
1119 825 1213 884 καὶ
1250 824 1351 886 τᾶν
1389 822 1651 900 Ὀροίτεα
1682 823 1941 903 μεγάλην

337 913 444 990 τήν
477 913 645 994 ἷσχῦν
671 911 1083 989 πυνθανόμενος
1115 913 1281 991 ἔχειν·
1320 910 1421 972 τὸν
1451 911 1630 990 χίλιοι
1664 914 1768 986 μὲν
1794 917 1937 988 Περ-

331 1004 476 1062 σέων
503 1000 891 1081 ἐδορυφόρεον,
919 999 1037 1080 εἶχε
1067 1000 1128 1060 δὲ
1159 999 1333 1077 νομόν
1356 999 1457 1061 τόν
1480 1024 1545 1060 τε
1574 997 1820 1080 Φρύγιον
1845 1000 1939 1060 καὶ

331 1089 540 1150 Λύδιον
580 1091 672 1151 καὶ
705 1087 966 1169 Ἰωνικόν·
1005 1087 1149 1166 πρός
1186 1091 1381 1148 ταῦτα·
1400 1086 1471 1163 δή
1509 1086 1584 1147 ὦν
1620 1085 1655 1146 ὅ
1693 1090 1932 1165 Δαρεῖος

329 1177 463 1239 τάδε
489 1175 905 1258 ἐμηχανήσατο·
947 1175 1309 1257 συγκαλέσας
1334 1175 1606 1252 Περσέων
1629 1173 1761 1238 τούς
1792 1175 1935 1236 δοκι-

311 1285 314 1288 ’
329 1265 631 1342 μωτάτους,
660 1265 822 1346 ἔλεγέ
859 1271 973 1340 σφι
997 1264 1148 1324 τάδε·
1194 1259 1293 1322 “’ὦ
1324 1263 1565 1340 Πέρσαι,
1602 1262 1688 1326 τίς
1726 1260 1797 1324 ἅν
1834 1289 1935 1339 μοι

329 1357 498 1414 τοῦτο
521 1352 704 1429 ὑμέων
727 1351 980 1415 ὖποστάς
1005 1351 1347 1412 ἐπιτελέσειε
1372 1351 1572 1430 σοφίῃ,
1601 1351 1693 1410 καὶ
1718 1350 1801 1428 μὴ
1827 1354 1933 1431 βίῃ

328 1465 393 1500 τε
432 1440 525 1499 καὶ
563 1439 782 1519 ὁμίλῳς
828 1439 986 1520 (ἔνθα
1023 1439 1137 1520 γοὶρ
1176 1441 1389 1516 σοφίης
1428 1438 1554 1510 δέει,
1595 1439 1731 1515 βίης
1771 1440 1935 1520 ἔργον

333 1525 536 1607 οὐδέν)
577 1525 758 1603 ὑμέων
783 1526 851 1602 δὴ
879 1525 955 1587 ὦν
978 1527 1064 1590 τίς
1088 1552 1189 1604 μοι
1212 1525 1473 1606 Ὀροίτεα
1497 1525 1537 1603 ἦ
1564 1525 1773 1598 ζώοντα
1798 1527 1934 1608 α’,γά-

329 1639 440 1695 γοι,
487 1613 527 1690 ἢ
572 1613 944 1684 οἷποκτείνειες
1000 1613 1064 1678 ὃς
1107 1613 1376 1691 ὠφέλησε
1419 1616 1524 1692 μέν
1578 1641 1655 1674 κω
1700 1615 1934 1691 Πέρσας

331 1700 506 1772 οὐδὲν,
533 1701 678 1762 κακοὶ
711 1701 772 1760 δὲ
805 1700 1032 1782 μεγάλα
1067 1702 1246 1783 ἔοργε·
1286 1705 1455 1763 τοῦτο
1489 1704 1594 1780 μὲν
1620 1701 1718 1762 δύο
1748 1702 1933 1780 ἡμέων

328 1788 595 1866 ἠίστωσε,
617 1789 990 1867 Μιτραβάτεά
1013 1814 1077 1850 τε
1103 1791 1197 1850 καὶ
1220 1789 1321 1852 τόν
1338 1791 1513 1850 παῖδα
1538 1789 1708 1850 αὐτοῦ
1715 1817 1728 1830 ·
1764 1795 1932 1850 τοῦτο

329 1877 392 1937 δὲ
417 1879 510 1938 καὶ
527 1878 658 1942 τούς
685 1877 1096 1942 οἷνακαλέοντας
1123 1878 1293 1939 αὐτὸν
1319 1878 1411 1938 καὶ
1431 1877 1819 1956 πεμπομένους
1838 1877 1930 1938 ὕπ’

331 1970 466 2043 ἐμεῦ
497 1968 710 2037 κτείνει,
735 1965 907 2044 ὕβριν
937 1965 1037 2027 οὐκ
1075 1965 1392 2044 άνάσχετον
1420 1967 1652 2042 φαίνων.
1717 1967 1850 2042 πρίν
1874 1991 1932 2026 τι

330 2053 404 2116 ὧν
426 2057 596 2133 μέζον
615 2055 1036 2136 ἐξεργάσασθαί
1053 2079 1153 2132 μιν
1178 2055 1413 2132 Πέρσας
1436 2053 1622 2123 κακόν,
1646 2057 1929 2130 καταλαμ-

239 2143 350 2203 128
367 2145 536 2208 πτέος
585 2144 711 2204 ἐστὶ
761 2142 898 2220 ἡμῖν
949 2141 1186 2222 θανάτῳ.
1186 2141 1217 2162 ”
1300 2145 1539 2219 Δαρεῖος
1597 2142 1703 2218 μὲν
1752 2145 1931 2202 ταΐτα

329 2231 614 2310 ἐπειρώτα·
670 2233 748 2310 τῷ
773 2231 834 2290 δὲ
859 2229 1051 2307 ανδρες
1073 2229 1373 2308 τριήκοντα
1396 2229 1743 2310 ὑπέστησαν,
1767 2229 1931 2293 αὐτὸς

330 2319 582 2382 ἕκαστος·
596 2319 802 2378 ἐθέλων
824 2320 1032 2378 ποιέειν
1059 2322 1254 2378 ταῦτα·
1297 2319 1575 2395 ἐρίζοντας
1606 2317 1666 2378 δὲ
1693 2321 1927 2395 Δαρεῖος

331 2405 727 2482 κατελάμβανε
768 2404 1005 2466 κελεύων
1045 2404 1395 2466 πάλλεσθαι·
1436 2405 1809 2482 παλλομένων
1848 2405 1925 2479 δὲ,

328 2493 601 2574 λαγχάνει
627 2497 687 2554 ἐκ
713 2493 932 2554 πάντων
959 2496 1205 2574 Βαγαῖος
1232 2492 1264 2552 ὁ
1287 2493 1612 2572 Ἀρτόντεω·
1646 2492 1841 2572 λαχών
1869 2494 1930 2553 δὲ

326 2579 360 2640 ὁ
388 2585 636 2662 Βαγαῖος
657 2582 832 2641 ποιέει
857 2580 1062 2642 τοιάδε·
1101 2581 1319 2658 βιβλία
1343 2581 1701 2662 γραψάμενος
1734 2581 1927 2641 πολλὰ

331 2668 424 2728 καὶ
452 2668 582 2746 περὶ
611 2671 846 2730 πολλῶν
871 2669 1071 2748 ἔχοντα
1099 2669 1459 2748 πρηγμάτων,
1486 2667 1781 2750 σφρηγῖδά
1816 2674 1930 2745 σφι

329 2756 580 2834 ἐπέβαλε
609 2757 714 2832 τήν
755 2757 1013 2833 Δαρείου·
1053 2755 1198 2834 μετὰ
1238 2757 1315 2827 δὲ,
1348 2755 1437 2834 ἥῖε
1478 2758 1618 2836 ἔχων
1655 2759 1833 2818 ταῦτα
1873 2761 1930 2820 ἐς

331 2843 434 2908 τοὶς
480 2844 700 2922 Σάρδις·
753 2843 1086 2921 ἀπικόμενος
1133 2844 1195 2904 δὲ
1242 2845 1334 2904 καὶ
1374 2844 1641 2922 Ὀροίτεω
1693 2849 1749 2907 ἐς
1798 2843 1932 2921 ὄψιν

332 2931 529 3003 ἐλθών,
549 2937 658 2992 τῶν
681 2932 933 3007 βιβλίων
953 2933 1010 2991 ἓν
1032 2933 1271 2992 ἕκαστον
1288 2931 1732 3008 περιαιρεόμενος
1753 2931 1932 2992 ἐδίδου

325 3022 406 3098 τῷ
439 3021 842 3100 γραμματιστῇ
880 3021 958 3096 τῷ
995 3018 1287 3097 βασιληίῳ
1329 3018 1709 3099 ἐπιλέγεσθαι·
1750 3043 1929 3098 γραμ-

327 3107 602 3181 ματιστὰς
638 3107 698 3165 δὲ
732 3105 1073 3181 βασιληίους
1104 3108 1160 3163 οἱ
1192 3106 1396 3168 πάντες
1430 3105 1675 3184 ὕπαρχοι
1708 3106 1930 3182 ἔχουσι·

323 3191 800 3270 ἅποπειρεῶμενος
827 3191 887 3250 δὲ
911 3195 1023 3250 τῶν
1049 3191 1374 3269 δορυφόρων
1401 3192 1583 3252 ἐδίδου
1606 3190 1679 3250 τὰ
1709 3192 1929 3266 βιβλία

335 3277 361 3336 3
395 3285 658 3359 Βαγαῖος,
693 3283 741 3339 εἰ
780 3277 1094 3348 ἐνδεξαίατο
1134 3278 1458 3338 ἀπόστασιν
1496 3276 1609 3336 ἀπὸ
1640 3276 1927 3354 Ὀροίτεω·
