2267 3517
276 112 371 163 118
634 166 640 172 ,
887 112 1254 163 mmmmm*
1769 112 1872 177 [Π.

272 188 521 267 ῥεύματα
543 193 903 271 παρέχονται·
944 190 1055 253 εἶσὶ
1082 192 1144 252 δὲ
1158 192 1370 253 πολλοὶ
1393 194 1497 269 μὲν
1523 196 1582 252 ἐν
1605 196 1678 271 τῇ
1699 193 1876 271 Συρίῃ

271 277 533 354 ποταμοὶ,
570 279 783 339 πολλοὶ
822 279 883 339 δὲ
922 284 981 340 ἐν
1020 284 1092 359 τῇ
1118 277 1328 359 Λιβύῃ,
1363 279 1416 339 οἳ
1456 278 1614 339 οὐδὲν
1651 284 1874 341 τοιοῦτο

180 367 252 425 21
274 365 567 444 πάσχουσι
594 366 712 427 οἷόν
737 391 793 426 τι
824 367 917 426 καὶ
942 367 976 426 ὁ
1008 370 1243 431 Νεῖλος.
1321 365 1398 426 Ἡ
1427 364 1474 425 δ’
1506 367 1664 443 ἑτέρη
1688 365 1874 427 οἷνεπι-

274 454 696 531 στημονεστέρη
746 454 852 531 μέν
892 460 1016 515 ἐστι
1066 459 1170 530 τῆς
1215 454 1572 535 λελεγμένης,
1620 454 1773 535 λόγῳ
1815 456 1875 514 δὲ

275 544 447 602 εἰπεῖν
494 542 942 620 θωυμασιωτέρη·
1008 541 1048 618 ἢ
1095 542 1251 623 λέγει
1297 540 1410 602 ‹in-6
1462 546 1562 602 τοῦ
1606 541 1874 603 Ὠκεανοῦ

272 628 475 705 ῥέοντα
515 629 683 691 ‹uk-611
729 633 906 691 ταῦτα
946 630 1328 709 μηχανᾶσθαι,
1375 627 1475 689 τᾶν
1521 628 1568 689 δ’
1609 628 1876 692 Ὠκεανὸν

180 718 259 775 22
277 720 385 797 γῆν
436 719 565 794 πέρι
614 720 810 778 πᾶσαν
854 718 1015 794 ῥέειν.
1099 717 1176 777 Ἡ
1229 716 1290 777 δὲ
1340 718 1502 794 τρίτη
1553 720 1665 778 τῶν
1715 717 1872 790 ὁδῶν,

273 805 495 865 πολλᾶν
562 804 949 881 ἐπιεικεστάτη
1016 809 1208 875 ἐοῦσα,
1260 804 1519 882 μάλιστα
1586 806 1872 883 ἔψευσται·

274 892 429 973 λέγει
466 891 579 973 γαῖρ
620 892 689 969 δή
731 892 844 953 οὐδ’
880 892 1019 970 αὐτὴ
1064 892 1223 953 οὐδὲν
1264 893 1490 969 φαμένη
1519 893 1620 952 τὸν
1659 896 1874 953 Νεῖλον

273 980 419 1056 ῥέειν
448 980 562 1040 «iva
598 981 902 1058 τηκομένης
932 980 1138 1059 χιόνος·
1181 979 1242 1043 ὃς
1271 980 1384 1057 ῥέει
1415 981 1520 1058 μὲν
1557 984 1618 1039 ἐκ
1653 979 1874 1057 Λιβύης

272 1066 364 1127 διὀὶ
401 1069 591 1145 μέσων
631 1068 914 1129 Αἰθιόπων
954 1069 1161 1129 ἐκδιδοῖ
1197 1067 1258 1127 δὲ
1299 1072 1354 1131 ἐς
1378 1069 1684 1148 Αἴγυπτον.
1768 1071 1874 1132 κῶς

272 1154 347 1215 ὦν
383 1156 523 1233 δῆτα
552 1156 671 1232 ῥέοι
708 1155 778 1217 ἂν
817 1155 931 1217 <iura
970 1156 1174 1235 χιόνος,
1213 1154 1328 1215 οἷπὸ
1367 1158 1478 1215 τῶν
1519 1154 1874 1233 θερμοτάτων

282 1242 510 1325 [τόπων]
545 1244 684 1320 ῥέων
711 1250 766 1307 ἐς
795 1243 868 1304 τοὶ
894 1242 1249 1323 ψυχρότερα;
1289 1244 1400 1303 τῶν
1430 1242 1502 1302 τοὶ
1525 1242 1722 1302 πολλά
1749 1248 1874 1305 ἐστι

272 1330 433 1406 ἀνδρί
460 1357 529 1411 γε
562 1332 893 1411 λογίζεσθαι
922 1330 1187 1392 τοιούτων
1217 1330 1346 1407 πέρι
1383 1331 1480 1410 οἵῳ
1512 1356 1576 1390 τε
1612 1330 1774 1403 ἐόντι,
1803 1330 1880 1395 ὦς-

273 1416 399 1477 ούδὲ
438 1417 582 1481 εἷκός
622 1417 733 1477 dm?
774 1417 963 1496 χιόνος
1001 1444 1100 1495 μιν
1139 1418 1302 1494 ῥέειν·
1374 1421 1597 1496 πρῶτον
1635 1420 1739 1495 μὲν
1780 1419 1872 1479 καὶ

271 1505 545 1585 μέγιστον
573 1503 877 1583 μαρτύριον
913 1507 968 1565 οἶ
1007 1504 1204 1583 ἄνεμοι
1237 1506 1578 1584 παρέχονται
1617 1507 1886 1571 πνέοντες,

272 1590 387 1652 dvx-6
419 1594 531 1651 τῶν
564 1593 785 1671 χωρέων
820 1593 1057 1654 τουτέων
1098 1594 1313 1671 θερμοί·
1373 1591 1632 1670 δεύτερον
1671 1594 1747 1663 δὲ,
1785 1594 1872 1655 ὅτι

274 1678 557 1757 ἄνομβρος
581 1679 620 1755 ἦ
644 1680 799 1758 χώρη
827 1680 921 1739 καὶ
954 1680 1346 1758 ἀκρύσταλλος
1383 1680 1648 1742 διατελέει
1679 1686 1871 1741 ἐοῦσα·

274 1768 364 1826 ἐπὶ
409 1766 471 1827 δὲ
510 1767 658 1847 χιόνι
697 1767 959 1848 πεσούσῃ
1000 1773 1165 1829 πᾶσα
1210 1767 1424 1850 ἀνάγκη
1469 1770 1593 1829 ἐστὶ
1633 1770 1769 1829 ὗσαι
1815 1774 1874 1831 ἐν

272 1855 437 1915 πέντε
474 1854 740 1937 ἡμέρῃσι·
780 1854 928 1917 ὥστε
960 1860 1009 1917 εἰ
1045 1856 1295 1936 ἐχιόνιζε,
1329 1856 1457 1917 ὕετο
1488 1856 1558 1917 ἂν
1587 1859 1764 1917 ταῦτα
1800 1858 1896 1939 τὰ.

272 1945 467 2023 χωρία·
534 1945 696 2021 τρίτα
738 1944 813 2017 δὲ,
859 1948 913 2005 οἱ
960 1943 1242 2023 ἅνθρωποι
1292 1942 1402 2004 find
1449 1948 1551 2005 τοῦ
1594 1944 1874 2021 καύματος

271 2032 509 2109 μέλανες
548 2033 739 2099 ἐόντες.
827 2037 1021 2095 ἰκτῖνοι
1062 2028 1124 2093 δέ
1159 2032 1253 2093 καὶ
1291 2032 1578 2112 χελιδόνες
1617 2032 1686 2092 δι’
1727 2033 1874 2099 ἔτεος

275 2120 455 2185 ἐόντες
487 2121 595 2184 ,οὐκ
634 2122 1028 2193 ἀπολείπουσι,
1053 2122 1282 2203 γέρανοι
1321 2121 1381 2181 δὲ
1413 2120 1738 2201 φεύγουσαι
1774 2121 1876 2182 τόν

272 2214 517 2287 χειμῶνα
540 2209 641 2270 τόν
668 2215 725 2271 ἐν
749 2214 821 2288 τῇ
840 2211 1086 2288 Σκυθικῇ
1110 2208 1269 2288 χώρῃ
1293 2208 1584 2289 γινόμενον
1605 2209 1875 2283 φοιτέωσι

274 2302 329 2360 ἐς
352 2298 655 2380 χειμασίην
683 2302 738 2360 ἐς
760 2296 890 2360 τούς
914 2296 1119 2359 τόπους
1150 2296 1396 2359 τούτους·
1441 2300 1488 2356 εἰ
1517 2298 1704 2358 τοίνυν
1731 2298 1874 2377 ἐχιό-

273 2385 386 2455 νιζε
412 2384 503 2443 καὶ
530 2383 747 2443 ὁσονῶν
770 2383 978 2459 ταύτην
1000 2383 1106 2459 τήν
1130 2382 1333 2461 χώρην,
1364 2382 1430 2442 δι’
1458 2382 1525 2459 ἧς
1553 2410 1616 2445 τε
1641 2385 1754 2462 ῥέει
1781 2388 1872 2449 καὶ

275 2476 335 2531 ἐκ
365 2474 466 2546 τῆς
506 2469 739 2549 ἄρχεται
779 2471 917 2546 ῥέων
942 2470 976 2531 ὁ
1010 2474 1236 2540 Νεῖλος,
1264 2469 1334 2547 ἦν
1359 2469 1430 2531 ἂν
1462 2471 1672 2533 τούτων
1699 2473 1872 2545 οὐδὲν,

180 2561 255 2619 23
276 2558 347 2623 ὥς
396 2558 438 2635 ἦ
480 2557 697 2639 α’νάγκη
742 2558 983 2639 ἐλέγχει.
1062 2557 1131 2618 ‘O
1177 2560 1239 2620 δὲ
1283 2559 1412 2636 περὶ
1460 2563 1561 2618 τοῦ
1607 2559 1874 2623 Ὠκεανοῦ

270 2646 454 2718 λέξας,
484 2652 539 2711 ἐς
566 2646 775 2722 ἀφανὲς
799 2648 900 2707 τὸν
924 2648 1105 2724 μῦθον
1137 2646 1414 2712 ἀνενείκας
1447 2644 1546 2705 οὐκ
1577 2649 1692 2729 ἔχει
1719 2652 1873 2733 ἔλεγ’

270 2761 395 2814 χον·
465 2734 530 2795 οὗ
574 2734 685 2817 γάρ
731 2761 857 2795 τινα
903 2736 1074 2817 ἔγωγε
1127 2735 1253 2796 οἶδα
1305 2737 1560 2813 ποταμὸν
1609 2736 1874 2800 Ὠκεανὸν

273 2821 455 2884 ἐόντα·
484 2822 745 2900 Ὅμηρον
780 2822 855 2897 δὲ,
888 2823 929 2899 ἥ
958 2850 1085 2884 τινα
1117 2829 1228 2885 τῶν
1258 2823 1532 2903 πρότερον
1566 2827 1876 2907 γενομένων

270 2912 557 2988 ποιητέων,
606 2911 777 2971 δοκέω
820 2910 1065 2988 τοῦνομα
1112 2912 1345 2989 εὖρόντα
1393 2918 1449 2977 ἐς
1493 2912 1598 2990 τήν
1643 2916 1876 2991 ποίησιν

274 3000 677 3060 ἐσενείκασθαι.

178 3089 255 3146 24
351 3092 423 3147 Εἰ
462 3088 522 3147 δὲ
566 3086 651 3146 δεῖ
690 3085 1055 3165 μεμψάμενον
1100 3086 1326 3169 γνώμας
1365 3088 1468 3151 τοὶς
1510 3089 1876 3166 προκειμένας

274 3174 441 3237 αὗτόν
498 3176 627 3253 περὶ
691 3178 803 3236 τῶν
868 3172 1127 3249 οἷφανέων
1193 3173 1422 3256 γνώμην
1475 3173 1872 3245 ἀποδέξασθαι,

276 3260 481 3338 φράσω
518 3262 662 3326 διότι
698 3286 799 3340 μοι
838 3260 1016 3321 δοκέει
1048 3261 1410 3338 πληθύεσθαι
1449 3261 1486 3322 ὅ
1533 3264 1745 3326 Νεῖλος
1771 3267 1874 3323 τοῦ
