2267 3517
315 157 440 205 46-
448 155 533 219 50]
902 155 1356 206 ΜΕΔΠΟΜΕΝΗ.
1821 153 1923 202 299

272 290 276 294 .
315 235 483 296 πέντε
512 237 616 312 μὲν
648 238 703 294 οἱ
741 236 979 312 ῥέοντες·
1017 233 1119 295 τόν
1148 259 1212 294 τε
1248 233 1460 299 Σκύθαι
1490 231 1730 309 Πόρατα
1759 230 1922 291 καλέ-

317 347 448 382 ουσι
492 322 771 398 Ἕλληνες
812 323 872 382 δὲ
916 320 1193 398 Πυρετόν·
1249 323 1341 381 καὶ
1381 320 1559 384 ἄλλος
1598 317 1920 396 Τιαραντός·

318 411 412 469 καὶ
451 409 688 488 Ἀραρός
721 437 801 482 τε,
831 412 923 470 καὶ
956 409 1236 486 Νάπαρις,
1265 409 1356 468 καὶ
1381 406 1721 485 Ὀρδησσός·
1763 405 1796 466 ὅ
1821 408 1926 482 μὲν

289 502 535 575 Δπρῶτος
574 497 798 577 λεχθεὶς
836 501 948 558 τῶν
993 500 1261 573 ποταμῶν
1295 498 1488 577 μέγας,
1531 496 1624 555 καὶ
1661 495 1802 572 πρός
1839 493 1924 570 ἧῶ

316 586 455 662 ῥέων
481 585 867 646 ἀνακοινοῦται
892 589 971 664 τῷ
994 585 1206 663 Ἴστρῳ
1229 585 1297 644 τὸ
1322 584 1486 661 ὕδωρ·
1527 583 1560 644 ὁ
1587 584 1648 643 δὲ
1674 582 1924 660 δεύτερος

318 673 556 751 λεχθεὶς,
611 673 929 751 Τιαραντὸς,
984 673 1126 750 πρὸς
1179 669 1418 748 ἑσπέρης
1463 697 1526 731 τε
1566 675 1794 748 μᾶλλον
1835 671 1926 730 καὶ

320 760 602 821 ἐλάσσων·
642 761 674 821 ὁ
708 763 770 820 δὲ
801 761 869 838 δὴ
908 759 1149 838 Ἀραρός
1177 785 1240 820 τε
1274 760 1366 818 καὶ
1401 759 1432 820 ὁ
1468 759 1730 836 Νάπαρις
1767 760 1859 818 καὶ
1890 759 1922 820 ὅ

318 845 657 924 Ὀρδησσός,
687 848 777 908 Sui
818 849 1000 925 μέσου
1034 847 1244 908 τούτων
1273 847 1445 910 ἰόντες
1471 848 1836 924 ἐσβάλλουσι
1871 852 1926 911 ἐς

290 933 419 996 ’τόν
433 934 683 1014 Ἴστρον·
727 935 881 996 οὗτοι
906 939 1009 1014 μὲν
1038 935 1346 1016 αὐτιγενέες
1383 935 1629 1010 ποταμοὶ
1664 935 1924 998 Σκυθικοὶ

320 1021 763 1101 συμπληθύουσι
804 1024 993 1085 αὐτόν·
1060 1022 1163 1084 Ἐκ
1209 1023 1269 1082 δὲ
1321 1021 1688 1102 Ἀγαθύρσων
1739 1021 1926 1098 Μάριε
1943 1025 2012 1082 49

320 1112 575 1187 ποταμός
616 1113 755 1188 ῥέων
800 1112 1188 1192 συμμίσγεται
1227 1114 1306 1188 τῷ
1335 1108 1563 1188 Ἴστρῳ·
1619 1115 1680 1169 ἐκ
1725 1108 1786 1167 δὲ
1825 1111 1926 1170 τοῦ

322 1199 509 1275 Αἵμου
545 1204 659 1260 τῶν
698 1201 985 1276 κορυφέων
1022 1203 1172 1276 τρεῖς
1211 1196 1384 1273 ἄλλοι
1423 1197 1664 1277 μεγάλοι
1709 1196 1927 1272 ῥέοντες
2008 1208 2012 1212 ’

321 1284 461 1362 πρὸς
506 1288 692 1364 βορῆν
732 1286 937 1362 ἄνεμον
979 1286 1348 1363 ἐσβάλλουσι
1387 1290 1442 1348 ἐς
1483 1283 1665 1354 αὐτόν,
1695 1283 1926 1357 Ἀτλας,

324 1372 417 1432 καὶ
442 1373 643 1450 Αὔρας,
674 1375 767 1442 καὶ
792 1375 1040 1451 Τίβισις·
1082 1373 1174 1433 διὰ
1201 1373 1261 1432 δὲ
1289 1373 1530 1450 Θρηίκης
1553 1373 1650 1431 ’καὶ
1675 1372 1926 1450 Θρηίκων

322 1465 433 1522 τῶν
460 1461 772 1539 Κροβύζων
796 1461 1030 1540 ῥέοντες,
1046 1461 1274 1538 Ἀθρυς,
1303 1461 1396 1520 καὶ
1421 1459 1594 1536 Νόης,
1611 1460 1704 1520 καὶ
1727 1459 1926 1538 Ἀρτά-

322 1574 436 1625 νης,
483 1550 760 1610 ἐκδιδοῦσι
800 1555 856 1612 ἐς
892 1549 993 1610 τόν
1025 1549 1275 1627 Ἴστρον·
1330 1554 1391 1608 ἐκ
1437 1549 1500 1608 δὲ
1543 1548 1802 1610 Παιόνων
1833 1551 1926 1609 καὶ

324 1637 515 1714 οὔρεος
551 1637 824 1720 Ῥοδόπης
866 1638 1032 1702 Σκίος
1066 1637 1336 1714 ποταμὸς,
1372 1638 1554 1714 μέσον
1589 1639 1798 1716 σχίζων
1831 1637 1931 1698 τόν

322 1726 523 1803 Αἷμον,
554 1727 759 1786 ἐκδιδοῖ
793 1731 848 1790 ἐς
874 1725 1061 1786 αὐτόν·
1105 1717 1169 1796 ἐξ
1195 1725 1490 1802 Ἰλλυριῶν
1521 1726 1580 1804 δὲ
1617 1727 1757 1804 ῥέων
1785 1726 1926 1803 πρὸς

322 1815 509 1890 βορῆν
534 1814 740 1893 ἄνεμον
763 1815 1015 1896 ’Ἄγγρος
1047 1813 1316 1892 ποταμός,
1347 1814 1630 1891 ἐσβάλλει
1657 1819 1712 1876 ἐς
1731 1815 1927 1875 πεδίον

321 1901 391 1962 τὸ
417 1901 806 1980 Τριβαλλικόν
834 1902 926 1960 καὶ
952 1907 1008 1965 ἐς
1032 1901 1293 1979 ποταμόν
1307 1900 1582 1982 Βρόγγον,
1605 1900 1637 1960 ὅ
1663 1901 1724 1960 δὲ
1751 1901 1930 1982 Βρόγ-

323 2015 426 2069 γος
457 1995 514 2052 ἐς
544 1990 645 2050 τόν
673 1988 925 2065 Ἴστρον·
968 1988 1112 2050 οὕτω
1145 1989 1520 2067 ἀμφοτέρους,
1545 1987 1734 2051 ἐόντας
1757 1989 1928 2068 μεγά-

324 2079 477 2146 λους,
504 2076 537 2136 ὅ
552 2075 783 2153 Ἴστρος
806 2076 1047 2137 δέκεται.
1109 2083 1172 2136 ἐκ
1198 2077 1258 2137 δὲ
1281 2079 1384 2153 τῆς
1410 2074 1718 2152 κατύπερθε
1740 2074 1927 2155 χώρης

324 2161 669 2241 Ὀμβρίκων,
698 2163 921 2241 Κάρπις
950 2165 1204 2242 ποταμός
1225 2166 1334 2225 ,καὶ
1367 2163 1546 2228 ἄλλος
1559 2162 1770 2227 Ἀλπις
1805 2162 1929 2246 [πο-

324 2249 545 2333 ταμὸς,]
576 2251 719 2330 πρὸς
757 2254 945 2330 βορῆν
970 2252 1177 2329 ἄνεμον
1203 2254 1296 2312 καὶ
1335 2251 1490 2312 οὗτοι
1526 2252 1757 2328 ῥέοντες,
1791 2252 1928 2312 ἐκδι-

326 2339 491 2399 δοῦσι
518 2343 574 2402 ἐς
600 2339 787 2401 αὐτόν.
855 2340 968 2418 ῥέει
991 2340 1102 2422 γὰρ
1130 2341 1199 2417 δὴ
1227 2341 1318 2402 διαὶ
1337 2339 1527 2417 πάσης
1545 2344 1647 2416 τῆς
1660 2339 1932 2418 Εὐρώπης

327 2427 361 2487 ὁ
394 2427 621 2504 Ἴστρος
666 2427 974 2506 ἀρξάμενος
1019 2434 1081 2488 ἐκ
1122 2432 1376 2500 Κελτῶν,
1419 2427 1472 2488 οἳ
1517 2429 1750 2509 ἔσχατοι
1790 2429 1932 2507 πρὸς

326 2514 493 2590 ἦλίου
532 2516 789 2594 δυσμέων
828 2516 971 2593 μετσῖ
1012 2514 1273 2594 Κύνητας
1317 2516 1564 2576 οἰκέουσι
1601 2521 1714 2577 τῶν
1759 2521 1818 2576 ἐν
1859 2521 1932 2595 τῇ

326 2601 589 2684 Εὐρώπῃ·
643 2605 781 2681 ῥέων
820 2604 883 2663 δὲ
920 2604 1015 2664 διαὶ
1058 2605 1250 2681 πάσης
1292 2608 1395 2680 τῆς
1433 2602 1720 2681 Εὐρώπης,
1765 2609 1820 2668 ἐς
1859 2604 1932 2664 τοὶ

324 2690 545 2777 πλάγια
593 2697 697 2768 τῆς
748 2693 989 2770 Σκυθίης
1041 2693 1344 2770 ἐσβάλλει.
1426 2691 1646 2752 Τούτων
1697 2691 1773 2753 ὧν
1821 2695 1933 2753 τῶν
1947 2695 2026 2752 50

329 2781 783 2860 καταλεχθέντων
817 2780 909 2839 καὶ
948 2779 1142 2842 ἄλλων
1177 2783 1412 2840 πολλῶν
1438 2780 1933 2858 συμβαλλομένων

326 2866 395 2928 τό
426 2868 709 2945 σφέτερον
744 2868 906 2945 ὕδωρ,
946 2869 1160 2949 γίνεται
1199 2868 1232 2929 ὁ
1262 2867 1493 2945 Ἴστρος
1529 2872 1795 2944 ποταμῶν
1832 2868 1929 2944 μέ·-

326 2979 544 3036 γιστος·
598 2956 722 3016 ἐπεὶ
765 2955 907 3033 ὕδωρ
953 2980 1023 3038 γε
1066 2957 1125 3016 ἓν
1171 2955 1312 3032 πρός
1365 2956 1424 3016 ἓν
1471 2954 1850 3030 συμβάλλειν,
1895 2953 1930 3014 ὅ

329 3047 542 3107 Νεῖλος
578 3042 789 3119 πλήθεΐ
828 3042 1178 3120 ἀποκρατέει·
1219 3048 1276 3107 ἐς
1313 3042 1426 3123 γοῖρ
1463 3041 1532 3118 δὴ
1568 3046 1766 3102 τοῦτον
1804 3039 1932 3100 οὔτε

328 3131 598 3208 ποταμὸς,
616 3129 743 3192 οὔτε
769 3129 942 3208 κρήνη
970 3130 1200 3208 οὐδεμία
1227 3131 1545 3201 ἐσδιδοῦσα,
1565 3134 1619 3192 ἐς
1638 3127 1858 3204 πλῆθός
1877 3131 1932 3187 οἱ

330 3219 754 3297 συμβάλλεται·
795 3219 921 3282 ἴσος
950 3218 1012 3278 δὲ
1042 3219 1150 3278 αἰεὶ
1182 3219 1296 3294 ῥέει
1335 3219 1392 3277 ἔν
1419 3242 1481 3276 τε
1519 3216 1666 3291 θέρεϊ
1700 3215 1792 3274 καὶ
1816 3241 1928 3295 χει-

324 3313 472 3372 Ιιιῶνι
496 3309 530 3369 ὁ
547 3307 789 3385 Ἴστρος,
820 3306 964 3367 κατοὶ
998 3306 1214 3366 τοιόνδε
1236 3331 1309 3375 τι,
1337 3303 1410 3367 ὥς
1436 3303 1561 3380 ἐμοὶ
1594 3303 1788 3363 δοκέει·
1829 3307 1930 3364 τοῦ
