2267 3517
314 117 414 166 226
937 115 1306 165 -nPvo'ro‘r
1790 113 1921 177 [111.

318 190 453 269 ἐμός
474 219 538 252 τε
563 199 696 258 παῖς
721 195 814 253 καὶ
846 193 1128 271 Κορίνθου
1151 196 1253 269 τῆς
1269 190 1603 269 εὐδαίμονος
1626 191 1925 268 βασιλεῦς,

316 279 535 370 αλῃτην
573 281 708 357 βίον
748 280 898 340 εἵλευ
937 279 1312 341 ἀντιστατέων
1341 305 1406 340 τε
1439 279 1532 338 καὶ
1568 279 1711 360 ὀργῇ
1750 279 1925 358 χρεώ-

317 392 485 444 μενος
522 373 577 431 ἐς
614 368 714 428 τόν
744 393 814 427 σε
845 367 1054 444 ἥκιστα
1091 371 1280 447 ἐχρῆν·
1325 371 1373 427 εἰ
1396 365 1508 448 γάρ
1534 392 1622 430 τις
1648 367 1923 445 συμφορὴ

322 459 383 514 ἐν
414 454 638 516 αὔτοῖσι
674 455 924 536 ἐγεγόνεε
951 453 1074 524 ἐξ’
1037 481 1105 530 ης
1130 455 1382 534 υποψίην
1410 459 1465 517 ἐς
1491 455 1590 530 ἐμὲ
1617 455 1775 532 ἔχεις,
1806 455 1934 531 ἐμοί

322 567 383 603 τε
410 542 551 619 αὕτη
577 543 774 625 γέγονε
803 543 895 602 καὶ
923 542 1030 623 ἐγώ
1059 541 1229 617 αὐτῆς
1252 540 1320 602 τό
1347 545 1525 602 πλεῦν
1548 542 1791 620 μέτοχός
1817 547 1930 619 εἶμι

324 629 442 710 ὅσῳ
486 629 651 695 αὐτός
697 636 819 707 σφε
873 629 1282 711 ἐξεργασάμην·
1336 628 1413 690 σύ
1466 629 1525 688 δὲ
1571 628 1765 705 μαθών
1812 627 1930 709 ὅσῳ

326 719 671 794 φθονέεσθαι
724 719 970 795 κρέσσον
1021 719 1147 778 ἐστὶ
1190 715 1229 794 ἢ
1284 717 1667 793 οἰκτείρεσθαι,
1711 715 1831 794 ἅμα
1868 743 1931 777 τε

325 805 513 866 ὁκοῖόν
537 832 594 868 τι
625 812 681 870 ἐς
711 807 840 870 τούς
863 807 1058 870 τοκέας
1085 806 1179 864 καὶ
1206 809 1260 868 ἐς
1284 803 1415 869 τούς
1440 806 1753 881 κρέσσονας
1775 807 1929 866 τεθυ-

327 894 570 970 μῶσθαι,
599 893 759 955 ἅπιθι
785 899 842 958 ἐς
865 894 937 954 τά
965 891 1161 954 eluda-’⁹
1202 892 1544 970 Περίανδρος
1558 895 1663 968 μὲν
1680 892 1931 952 τούτοισι

331 981 499 1042 αὐτὸν
539 982 952 1058 κατελάμβανε·
994 980 1028 1042 ό
1056 982 1116 1041 δὲ
1142 978 1292 1040 ἄλλο
1321 983 1427 1057 μὲν
1452 979 1611 1040 οὐδὲν
1634 979 1932 1056 ἀμείβεται

327 1068 428 1129 τόν
459 1072 690 1147 πατέρα,
720 1071 830 1146 ἔφη
857 1070 919 1129 δέ
941 1095 1039 1145 μιν
1068 1068 1192 1146 ἱρὴν
1219 1069 1421 1145 ζημίην
1448 1067 1700 1142 ὀφείλειν
1725 1071 1802 1146 τῷ
1826 1068 1933 1146 θεῷ

330 1159 508 1237 ἑωυτῷ
535 1163 588 1221 ἐς
615 1157 820 1239 λόγους
846 1156 1200 1234 α’πικόμενον·
1231 1155 1427 1232 μαθών
1447 1155 1506 1214 δέ
1532 1155 1565 1216 ὁ
1592 1155 1932 1232 Περίανδρος

331 1245 404 1308 ὥς
435 1245 650 1323 α”πορόν
677 1270 736 1305 τι
765 1245 834 1306 τό
868 1245 1037 1306 κακόν
1063 1245 1147 1320 εἴη
1186 1247 1287 1304 τοῦ
1312 1243 1510 1306 παιδὸς
1537 1243 1631 1302 καὶ
1656 1242 1929 1320 ἀνίκητον,

331 1335 396 1403 ἐξ
431 1333 747 1411 ὀφθαλμῶν
784 1359 884 1410 μιν
928 1332 1323 1410 ἀποπέμπεται
1360 1332 1594 1395 στείλας
1632 1334 1836 1391 πλοῖον
1878 1336 1933 1394 ἐς

331 1421 639 1497 Κέρκυραν·
682 1419 973 1498 ἐπεκράτεε
998 1419 1110 1498 γὰρ
1140 1421 1233 1479 καὶ
1256 1419 1477 1496 ταύτης·
1509 1419 1854 1482 ἀποστείλας
1873 1420 1933 1478 δὲ

328 1511 528 1568 τοῦτον
564 1507 596 1566 ό
637 1508 995 1585 Περίανδρος,
1025 1507 1390 1584 ἐστρατεύετο
1426 1508 1518 1566 ἐπὶ
1542 1507 1642 1568 τόν
1664 1506 1935 1584 πενθερὸν

331 1595 600 1672 Προκλέα
643 1593 714 1658 ώς
757 1599 868 1655 τῶν
914 1595 1233 1672 παρεόντων
1280 1597 1335 1656 οἶ
1386 1595 1727 1676 πρηγμάτων
1772 1595 1934 1656 ἐόντα

330 1681 671 1742 αἰτιώτατον·
727 1683 820 1741 καὶ
861 1682 976 1742 εἷλε
1014 1686 1119 1760 μὲν
1164 1682 1270 1759 τήν
1310 1681 1661 1760 Ἐπίδαυρον,
1712 1683 1828 1743 εἷλε
1874 1683 1932 1742 δὲ

233 1770 314 1828 53
332 1767 501 1830 αὖτόν
527 1770 813 1846 Προκλέα·
858 1770 976 1852 [καὶ
1002 1769 1329 1853 ἐζώγρησε]
1394 1769 1553 1830 Ἐπεὶ
1574 1771 1649 1845 δέ,
1676 1775 1777 1830 τοῦ
1800 1770 1932 1849 χρό’

331 1883 431 1920 νου
468 1858 893 1936 προβαίνοντος,
933 1857 966 1920 ὅ
1004 1883 1066 1918 τε
1106 1859 1451 1936 Περίανδρος
1483 1857 1809 1934 παρηβήκεε
1842 1860 1933 1917 καὶ

333 1945 772 2028 συνεγινώσκετο
806 1949 984 2025 ἑωυτῷ
1021 1945 1206 2006 οὖκέτι
1241 1945 1381 2006 εἶναι
1406 1945 1637 2008 δυνατὰς
1659 1945 1731 2005 ταῖ
1755 1945 1931 2026 πρήγ-

329 2059 482 2111 ματα
509 2038 716 2112 ἐπορᾶν
739 2061 802 2095 τε
829 2035 920 2094 καὶ
941 2035 1162 2105 διέπειν,
1183 2035 1411 2113 πέμψας
1436 2039 1493 2097 ἐς
1515 2033 1621 2108 τὴν
1642 2035 1933 2110 Κέρκυραν

332 2122 612 2183 ἀπεκάλεε
648 2122 750 2183 τᾶν
775 2123 1116 2200 Λυκόφρονα
1143 2123 1235 2181 ἐπὶ
1259 2121 1365 2198 τήν
1388 2121 1699 2198 τυραννίδα·
1742 2127 1801 2181 ἐν
1824 2123 1932 2202 γσῖρ

336 2209 406 2285 δὴ
436 2215 514 2289 τῷ
547 2211 915 2289 πρεσβυτέρῳ
950 2215 1061 2270 τῶν
1086 2210 1299 2269 παίδων
1325 2208 1427 2268 οὔκ
1453 2209 1669 2286 ἐνεώρα,
1699 2208 1855 2268 α’λλά
1880 2216 1935 2271 οἱ

333 2299 698 2373 κατεφαίνετο
737 2296 874 2356 εἶναι
908 2298 1267 2375 νωθέστερος·
1308 2296 1342 2357 ὅ
1377 2297 1437 2356 δὲ
1467 2296 1782 2374 Λυκόφρων
1808 2295 1933 2357 οὐδὲ

332 2384 654 2461 α’νακρίσιος
679 2384 886 2459 ἠξίωσε
909 2383 1010 2448 τὸν
1033 2385 1282 2461 φέροντα
1307 2384 1410 2461 τὴν
1435 2384 1722 2466 ἀγγελίην.
1764 2387 1932 2463 Περί-

331 2472 527 2549 ανδρος
567 2471 626 2530 δὲ
668 2470 1060 2549 περιεχόμενος
1102 2475 1204 2530 τοῦ
1250 2473 1483 2548 νεηνίεω,
1499 2472 1756 2580 ’.δεύτερα
1800 2472 1930 2532 σῖπέ-

333 2563 526 2618 στειλε
563 2556 647 2617 ἐπ’
674 2557 843 2618 αὐτὸν
867 2557 973 2634 τήν
1007 2556 1348 2634 οἷδελφεήνε
1324 2564 1525 2620 εωυτοῦ
1552 2560 1611 2619 δὲ
1639 2561 1930 2642 θυγατέρα,

333 2646 534 2706 δοκέων
556 2670 654 2723 μιν
677 2644 935 2724 μάλιστα
948 2645 1122 2724 ταύτῃ
1148 2645 1217 2706 ἂν
1240 2647 1556 2708 πείθεσθαι·
1596 2646 1933 2725 ἀπικομένης

332 2733 393 2794 δὲ
433 2732 638 2809 ταύτης
676 2733 770 2792 καὶ
809 2733 1108 2815 λεγούσης·
1158 2743 1195 2770 “
1212 2761 1255 2794 ω
1295 2739 1416 2806 παῖ,
1454 2734 1697 2812 βούλεαι
1729 2736 1835 2812 τήν
1871 2762 1935 2797 τε

330 2821 676 2899 τυραννίδα’
650 2847 706 2886 ες
729 2820 940 2885 ἄλλους
956 2822 1180 2882 πεσέειν
1200 2823 1293 2882 καὶ
1315 2823 1418 2884 τὸν
1437 2823 1590 2884 οἶκον
1602 2849 1703 2885 του
1723 2824 1935 2902 πατρός

333 2909 743 2987 διαφορηθέντα
780 2908 1085 2987 μᾶλλον,ἹἈ
1049 2936 1088 2986 η
1113 2909 1280 2973 αυτός
1319 2918 1439 2988 σφε
1465 2910 1781 2972 ἀπελθων”
1753 2937 1929 2990 εχειν·
1916 2958 1931 2981 ,

333 2996 493 3059 ἄπιθι
533 3003 588 3060 ἐς
626 2997 698 3058 τά
740 2999 904 3057 οἰκία·
959 3003 1177 3058 παῦσαι
1218 3000 1461 3061 σεωυτόν
1500 3001 1726 3075 ζημιῶν·
1768 3004 1934 3075 φιλο-

330 3088 488 3164 τιμίη
514 3089 702 3162 κτῆμα
721 3085 938 3146 σκαιόν·
972 3085 1054 3162 μή
1071 3091 1151 3165 τῷ
1171 3091 1319 3166 κακῷ
1336 3087 1403 3146 τὸ
1423 3087 1592 3146 κακὸν
1614 3090 1695 3145 ἰῶ·
1720 3087 1937 3146 πολλοὶ

333 3177 444 3236 τῶν
475 3175 695 3235 δικαίων
725 3173 797 3234 τὰ
832 3175 1213 3250 ἐπιεικέστερα
1237 3175 1589 3251 προτιθέασι·
1630 3175 1845 3234 πολλοὶ
1875 3174 1937 3234 δὲ

334 3258 444 3337 ἤδη
467 3261 539 3321 ani
563 3264 793 3340 μητρῷα
826 3260 1109 3336 διζήμενοι
1131 3261 1207 3321 τὰ
1230 3265 1459 3340 πατρῷα
1486 3260 1806 3336 ἀπέβαλον·
1842 3285 1937 3320 τυ-
