2267 3517
376 69 597 136 ἰτ-79]
854 123 872 129 ,
978 59 1425 120 anonmmx.
1882 69 1978 122 311
2021 69 2028 76 ·

373 151 595 214 πείθεος
629 152 734 210 τοῦ
769 147 1139 230 Ἀγαθύρσων
1177 150 1476 226 βασιλέος·
1517 147 1738 226 Σκύλης
1775 147 1838 209 δὲ
1872 147 1979 226 τήν

372 263 436 297 τε
462 237 776 313 βασιληίην
800 237 1111 314 παρέλαβε,
1143 237 1234 294 καὶ
1258 235 1364 311 τήν
1385 239 1619 317 γυναῖκα,
1643 241 1744 296 τοῦ
1769 237 1980 312 πατρός

372 329 447 403 τῇ
474 324 681 401 οὔνομα
707 324 777 400 ἦν
804 324 1029 400 Ὀποίη·
1070 323 1142 399 ἦν
1167 325 1228 384 δὲ
1253 322 1391 399 αὕτη
1416 323 1454 399 ἤ
1480 323 1687 400 Ὀποίη
1714 322 1882 399 oleru-⁷5,
1912 325 1977 396 ἐξ

374 410 443 489 ἧς
466 412 537 488 ἦν
553 411 785 489 Ὄρικος
810 410 1154 488 Ἀριαπείθεϊ
1185 413 1333 474 παῖς·
1376 410 1700 486 βασιλεύων
1739 411 1798 470 δὲ
1835 413 1972 476 Σκυ·

374 500 513 560 θέων
533 499 566 560 ὁ
590 499 812 575 Σκύλης
829 498 1009 577 διαίτῃ
1024 499 1127 574 μὲν
1150 496 1401 573 ούδαμῶς
1415 498 1687 574 ἠρέσκετο
1708 499 1970 579 Σκυθικῇ,

376 585 532 647 ἆλλσῖ
550 587 773 649 πολλᾶν
790 586 931 663 πρὸς
948 587 1020 645 τοὶ
1036 584 1346 661 Ἑλληνικαὶ
1362 590 1588 661 μᾶλλον
1601 588 1976 663 τετραμμένος

375 673 446 750 ἦν
486 674 599 735 α’,πὸ
640 674 961 736 παιδεύσιος
999 677 1101 748 τῆς
1143 672 1520 732 ἐπεπαίδευτο·
1563 673 1746 733 ἐποίεέ
1774 700 1838 734 τε
1860 699 1972 735 τοι·

300 839 303 842 Α
376 765 528 822 οΰτο·
571 761 692 822 εὖτε
718 760 923 842 ἀγάγοι
956 760 1061 836 τήν
1090 759 1363 836 στρατιήν
1391 758 1495 834 τήν
1531 760 1784 824 Σκυθέων
1823 767 1878 824 ἐς
1908 761 1976 823 »ra

379 848 856 926 Βορυσθενεϊτέων
902 847 1063 922 ἄστυ,
1103 847 1187 925 (οἱ
1241 847 1300 906 δὲ
1353 847 1782 923 Βορυσθενεῗται
1825 846 1978 909 οὗτοι

380 937 618 1018 λέγουσι
650 936 835 1014 σφέας
867 933 1067 998 αύτούς
1103 931 1244 993 εἶναι
1278 933 1642 1014 Μιλησίους,)
1677 939 1732 997 ἐς
1755 934 1981 1000 τούτους

325 1077 329 1082 .
379 1023 517 1086 ὅκως
538 1025 695 1084 ἔλθοι
720 1024 753 1084 o‘
783 1023 1019 1099 Σκύλης,
1034 1019 1139 1097 τὴν
1156 1024 1261 1098 μὲν
1282 1019 1552 1098 στρατιὴν
1573 1022 1978 1082 καταλείπεσκε

382 1115 441 1170 ἐν
479 1115 555 1190 *ng
594 1112 927 1189 προαστείῳ,
955 1109 1123 1172 αύτός
1162 1109 1222 1168 δὲ
1262 1107 1400 1172 ὅκως
1433 1109 1588 1169 ἔλθοι
1621 1113 1678 1172 ἐς
1700 1108 1768 1169 τό
1796 1113 1980 1188 τεῖχος

384 1199 476 1257 καὶ
510 1199 611 1261 τοὶς
647 1199 827 1262 πύλας
865 1197 1198 1278 ἐγκληΐσειε,
1239 1196 1346 1272 τήν
1381 1196 1598 1272 στολὴν
1635 1196 1979 1278 ἀποθέμενος

379 1284 485 1360 τήν
512 1285 804 1362 Σκυθικὴν,
833 1285 1090 1362 λάβεσκε
1126 1283 1196 1345 ἂν
1227 1283 1534 1360 Ἑλληνίδα
1565 1285 1796 1360 ἐσθῆτα·
1839 1281 1978 1364 ἔχων

381 1371 429 1432 δ’
449 1371 518 1433 ἂν
542 1372 748 1450 ταύτην
771 1373 1027 1454 ἠγόραζε,
1046 1371 1172 1432 οὔτε
1200 1371 1524 1450 δορυφόρων
1549 1373 1828 1448 ἑπομένων
1854 1371 1981 1432 οὕτε

380 1457 563 1520 ἄλλου
588 1459 826 1541 οὐδενός·
856 1461 979 1540 (τοῖς
1006 1460 1067 1520 δὲ
1090 1460 1278 1524 πύλας
1299 1459 1650 1536 ἐφύλασσον,
1666 1460 1749 1537 μή
1773 1461 1856 1524 τίς
1879 1486 1977 1536 μιν

381 1549 635 1614 Σκυθέων
659 1550 767 1609 ἴδοι
793 1549 999 1627 ἔχοντα
1017 1547 1226 1624 ταύτην
1249 1547 1352 1623 τήν
1378 1546 1640 1628 στολήν)
1669 1548 1760 1626 καὶ
1785 1547 1975 1617 τᾶλλα

382 1640 586 1714 ἐχρᾶτο
610 1637 790 1715 διαίτῃ
814 1636 1142 1715 Ἑλληνικῇ,
1171 1637 1264 1696 καὶ
1290 1635 1472 1696 θεοῖσι
1501 1635 1592 1713 ἱροὶ
1619 1636 1797 1695 ἐποίεε
1831 1635 1974 1696 κατοὶ

380 1723 583 1801 νόμους
620 1724 750 1788 τούς
790 1723 1097 1800 Ἑλλήνων·
1159 1722 1254 1784 ὅτε
1293 1723 1354 1782 δὲ
1395 1723 1698 1802 διατρίψειε
1741 1727 1894 1799 μῆνα
1936 1722 1976 1798 ἢ

380 1812 558 1872 πλέον
606 1811 834 1881 τούτου,
874 1809 1288 1870 ἀπαλλάσσετο
1343 1809 1497 1872 ἐνδύς
1547 1809 1650 1884 τήν
1703 1811 1981 1886 Σκυθικὴν

382 1899 619 1974 στολήν·
644 1902 823 1959 ταῦτα
845 1897 1105 1955 ποιέεσκε
1130 1894 1428 1959 πολλάκις·
1471 1895 1564 1954 καὶ
1591 1896 1736 1954 οἰκία
1759 1921 1822 1956 τε
1849 1898 1979 1956 ἐδεί-

382 2010 530 2060 ματο
568 1990 627 2044 ἐν
662 1982 1002 2059 Βορυσθένεϊ
1037 1982 1131 2041 καὶ
1153 1986 1392 2064 γυναῖκα
1416 1982 1587 2063 ἔγημε
1615 1987 1672 2044 ἐς
1697 1981 1836 2041 αὐτοὶ
1864 1987 1978 2042 ἐπι-

382 2072 612 2148 χωρίην.
675 2070 840 2129 Ἐπεί
861 2069 1008 2136 τε,δὲ
1035 2070 1152 2130 ἔδεέ
1177 2072 1231 2129 οἱ
1256 2072 1433 2132 κακῶς
1455 2069 1735 2150 γενέσθαι,
1765 2070 1980 2149 ἐγένετο
1997 2071 2074 2132 79

385 2157 500 2219 ‹in-6
516 2153 836 2234 προφάσιος
852 2157 1098 2233 τοιῆσδε·
1120 2156 1440 2234 ἐπεθύμησε
1456 2155 1710 2235 Διονύσῳ
1727 2158 1978 2236 Βακχείῳ

343 2295 349 2300 .
384 2247 742 2322 τελεσθῆναι·
781 2247 1053 2323 μέλλοντι
1093 2245 1157 2306 δέ
1190 2247 1245 2305 οἱ
1285 2249 1340 2308 ἐς
1376 2239 1568 2325 χεῖρας
1607 2242 1846 2325 ἄγεσθαι
1877 2245 1981 2322 τήν

385 2333 618 2409 τελετήν
654 2332 871 2413 ἐγένετο
910 2332 1121 2410 φάσμα
1155 2332 1445 2413 μέγιστον·
1485 2331 1556 2408 ἦν
1591 2334 1645 2392 οἱ
1681 2337 1738 2393 ἐν
1763 2339 1978 2410 Βορυσ-

388 2419 668 2481 θενεῖτέων
713 2425 784 2499 τῇ
831 2419 970 2480 πόλι
1010 2420 1191 2497 οἰκίης·
1219 2418 1472 2500 μεγάλης
1513 2420 1605 2479 καὶ
1642 2422 1980 2484 πολυτελέος

387 2507 687 2584 περιβολὴ,
710 2509 835 2587 (τῆς
855 2509 947 2566 καὶ
966 2507 1140 2589 ὀλίγῳ
1159 2533 1216 2568 τι
1235 2506 1505 2584 πρότερον
1529 2507 1738 2568 τούτων
1759 2508 1982 2585 μνήμην

391 2594 586 2676 εἶχον,)
602 2596 703 2671 τήν
722 2596 887 2672 πέριξ
910 2599 1112 2654 λευκοῦ
1132 2595 1298 2656 λίθου
1318 2597 1562 2677 σφίγγες
1579 2621 1642 2656 τε
1663 2597 1755 2655 καὶ
1774 2595 1980 2678 γρύπες

390 2683 658 2744 ἔστασαν·
701 2688 758 2746 ἐς
789 2682 996 2758 ταύτην
1034 2681 1067 2743 ὁ
1112 2683 1239 2746 θεὸς
1277 2683 1548 2761 ἐνέσκηψε
1571 2684 1781 2759 βέλος·
1825 2685 1916 2743 καὶ
1944 2683 1982 2758 ἦ

388 2772 492 2847 μὲν
532 2768 771 2846 κατεκάη
810 2773 990 2830 πᾶσα·
1033 2769 1255 2845 Σκύλης
1293 2769 1353 2830 δὲ
1389 2769 1546 2830 οὐδὲν
1576 2770 1777 2831 τούτου
1791 2771 1984 2831 εἵνεκα

388 2856 579 2934 ἧσσον
628 2859 928 2918 ἐπετέλεσε
978 2856 1083 2932 τὴν
1132 2857 1382 2933 τελετήν.
1477 2858 1714 2938 (Σκύθαι
1769 2859 1830 2916 δὲ
1880 2861 1981 2916 τοῦ
1996 2880 2000 2885 ·

394 2945 691 3026 Βακχεύειν
728 2947 857 3023 πέρι
898 2943 1156 3020 Ἕλλησι
1195 2943 1542 3016 ὀνειδίζουσι·
1591 2944 1654 3004 ού
1693 2944 1802 3024 γάρ
1835 2949 1983 3020 φασι

390 3033 541 3098 οἷκός
572 3034 711 3095 εἶναι
749 3034 877 3094 θεὸν
914 3032 1246 3109 ἐξευρίσκειν
1279 3036 1478 3093 τοῦτον
1504 3030 1662 3094 ὅστις
1686 3032 1985 3107 μαίνεσθαι

390 3121 573 3203 ἐνάγει
599 3121 961 3200 ἀνθρώπους.)
1024 3119 1149 3179 ἐπεί
1168 3145 1230 3179 τε
1257 3120 1316 3179 δὲ
1343 3119 1612 3193 ἐτελέσθη
1632 3122 1708 3195 τῷ
1733 3119 1986 3198 Βακχείῳ

389 3221 430 3262 0²
476 3208 713 3287 Σκύλης,
761 3208 1164 3285 διεπρήστευσε
1215 3211 1326 3266 τῶν
1375 3230 1461 3267 τις
1513 3205 1986 3281 Βορυσθενεϊτέων
