2267 3517
296 124 395 173 152
902 124 1269 175 ‘HPOAOTo'r
1787 122 1890 189 [11.

230 278 235 283 ¹
299 202 391 263 διὰ
427 202 636 264 τούτων
675 203 959 265 δάκνουσι·
1001 202 1093 265 διὰ
1124 204 1185 263 δὲ
1217 207 1320 265 τοῦ
1351 202 1572 265 δικτύου
1611 200 1741 264 ούδὲ
1777 218 1896 265 πειὶ·

293 293 497 368 ρῶνται
523 289 723 369 οἷρχήν·

204 378 282 439 96
379 376 465 436 Τοὶ
501 377 561 435 δὲ
595 378 663 454 δή
696 376 875 438 πλοῖά
902 383 1031 455 σφι,
1058 378 1213 438 τοῖσι
1249 377 1646 459 φορτηγέουσι,
1661 358 1799 438 ’ἔστι
1833 382 1895 439 ἐκ

294 468 398 540 τῆς
419 463 662 539 α’κάνθης
680 466 1000 542 ποιεύμενα·
1023 469 1126 540 τῆς
1151 465 1190 541 ἤ
1209 465 1408 543 μορφὴ
1434 466 1538 541 μέν
1559 470 1683 525 ἐστι
1708 466 1895 541 ὁμοιο-

296 551 437 627 τάτη
462 556 539 630 τῷ
566 554 861 633 Κυρηναίῳ
887 555 1064 631 λωτῷ,
1091 553 1158 613 τό
1188 554 1248 613 δὲ
1273 553 1509 630 δάκρυον
1545 552 1724 629 κόμμι
1751 554 1893 614 ἐστί·

296 643 359 699 ἐκ
395 639 597 715 ταύτης
630 639 704 699 ὧν
733 644 835 715 τῆς
866 640 1109 716 ἀκάνθης
1147 640 1452 718 κοψάμενοι
1489 639 1632 709 ξύλα
1663 638 1804 701 ὅσον
1831 666 1896 701 τε

296 726 535 805 διπήχεα
554 728 862 805 πλινθηδόν
880 730 1212 798 συντιθεῖσι,
1231 726 1668 808 ναυπηγεύμενοι
1685 728 1896 805 τρόπον

296 814 529 874 τοιόνδε·
569 815 697 893 περὶ
727 814 985 897 γόμφους
1024 814 1265 879 πυκνούς
1298 815 1389 874 καὶ
1419 814 1665 892 μακροῦς
1692 816 1895 893 περιεί-

254 908 258 913 ’
294 927 463 979 ρουσι
495 903 567 963 τὰ
606 902 846 982 διπήχεα
878 902 1038 973 ξύλα·
1082 902 1250 965 ἐπεοὶν
1287 903 1346 962 δὲ
1381 905 1460 981 τῷ
1489 902 1680 982 τρόπῳ
1717 902 1895 963 τούτω

296 990 779 1072 ναυπηγήσωνται,
805 992 945 1073 ζυγοὶ
981 994 1259 1066 ἐπιπολῆς
1288 991 1536 1051 τείνουσι
1567 990 1766 1052 αὐτῶν·
1805 1017 1895 1053 νο·

298 1082 471 1154 μεῦσι
512 1078 572 1137 δὲ
612 1078 773 1140 οὐδὲν
810 1080 1100 1158 χρέωνται·
1147 1078 1353 1139 ἔσωθεν
1395 1078 1456 1138 δὲ
1489 1077 1590 1144 τοὶς
1629 1078 1897 1155 ἁρμονίας

296 1170 357 1226 ἐν
382 1165 459 1226 ὧν
486 1166 815 1227 ἐπάκτωσαν
840 1171 913 1247 τῇ
938 1167 1169 1275 βύβλῳ·
1202 1165 1481 1243 πηδάλιον
1508 1165 1568 1225 δὲ
1595 1166 1655 1226 ἓν
1679 1170 1894 1227 ποιεΰν·

296 1278 408 1325 ται,
438 1255 530 1313 καὶ
564 1259 731 1315 τοῦτο
769 1255 861 1313 δια
896 1258 995 1329 τῆς
1019 1252 1252 1330 τρόπιος
1277 1254 1618 1331 διαβύνεται·
1673 1256 1812 1334 ἱστῷ
1835 1255 1896 1315 δὲ

297 1340 569 1419 οἷκανθίνω
603 1342 888 1419 χρέωνται,
923 1342 1161 1429 ἱστίοισι
1201 1341 1262 1401 δε
1294 1340 1654 1417 βυβλίνοισι.
1719 1345 1896 1403 ταῦτα

298 1452 371 1486 τα
399 1427 577 1486 πλοῖα
613 1426 719 1487 <ivd
756 1420 860 1505 μὲν
884 1454 986 1489 τον
1022 1420 1279 1506 ποταμὸν
1311 1428 1376 1489 ού
1413 1428 1670 1489 δύνανται
1703 1430 1896 1490 πλέειν

298 1510 369 1589 ἢν
392 1512 473 1590 μὴ
502 1514 823 1591 λαμπρός”
786 1540 987 1593 ανεμος
1014 1516 1205 1595 ἐπέχῃ,
1235 1520 1296 1575 ἐκ
1321 1520 1428 1597 γῆς
1453 1516 1513 1575 δὲ
1539 1517 1894 1594 παρέλκεται·

300 1600 442 1661 κατὰ
465 1600 599 1679 ῥόον
619 1602 679 1661 δὲ
705 1601 987 1680 κομίζεται
1016 1601 1138 1662 ὦδε·
1173 1604 1297 1664 ἔστι
1323 1607 1384 1663 ἐκ
1409 1605 1643 1680 μυρίκης
1665 1616 1894 1681 πὲποιη-

296 1688 437 1765 μένη
478 1687 635 1767 θύρη.
661 1690 1083 1767 κατερραμμένη
1112 1690 1264 1768 ῥίπεῖ
1301 1689 1582 1767 καλάμων,
1609 1692 1702 1750 καὶ
1733 1692 1895 1757 λίθος

294 1776 625 1853 τετρημένος
650 1777 977 1842 διτάλαντος
1000 1777 1258 1854 μάλιστά
1285 1804 1356 1855 κη
1381 1778 1656 1855 σταθμόν·
1686 1778 1895 1840 τούτων

294 1863 399 1939 τὴν
423 1865 527 1941 μὲν
552 1864 724 1942 θύρην
750 1865 1040 1942 δεδεμένην
1068 1866 1222 1945 κάλῳ
1251 1867 1539 1944 ἔμπροσθε
1563 1870 1666 1926 τοῦ
1689 1868 1895 1928 πλοίου

297 1949 449 2011 άπίει
481 1952 864 2030 ἐπιφέρεσθαι,
890 1953 991 2014 τᾶν
1023 1953 1083 2013 δὲ
1113 1955 1278 2015 λίθον
1305 1953 1465 2034 ἄλλῳ
1492 1954 1645 2033 κάλῳ
1670 1952 1892 2015 ὄπισθε·

294 2039 336 2117 ἤ
359 2042 463 2117 μὲν
489 2040 558 2117 δή
587 2040 742 2119 θύρη,
768 2045 869 2102 τοῦ
893 2041 1029 2120 ῥόου
1056 2043 1444 2118 ἐμπίπτοντος,
1466 2042 1662 2121 χωρέει
1685 2043 1895 2121 ταχέως

298 2128 397 2187 καῖ
436 2130 588 2188 ἕλκει
632 2128 737 2205 τήν
776 2129 967 2207 βάριν·
1010 2129 1201 2209 (τοῦτο
1241 2130 1354 2211 γσῖρ
1401 2129 1469 2206 δή
1519 2128 1730 2207 οὔνομά
1771 2134 1894 2191 ἐστι

295 2220 450 2276 τοῖσι
474 2217 731 2275 πλοίοισι
754 2216 1050 2295 τούτοισι·)
1092 2216 1124 2276 ὁ
1154 2218 1218 2276 δὲ
1249 2218 1408 2281 λίθος
1435 2216 1641 2279 ὄπισθε
1667 2216 1894 2277 ἐπελκό-

295 2327 461 2379 μενος
486 2303 578 2361 καὶ
606 2303 707 2363 ἐων
734 2306 795 2363 ἐν
817 2304 1057 2381 βυσσῷ,
1072 2296 1352 2364 κατιθύνει
1376 2332 1477 2365 τον
1501 2303 1705 2365 πλόον.
1772 2306 1895 2367 ἔστι

300 2389 363 2447 δέ
392 2396 505 2465 σφι
530 2415 601 2449 τα
628 2393 805 2448 πλοῖα
828 2393 1005 2449 ταῦτα
1016 2390 1240 2477 πλήθεΐ
1265 2392 1477 2462 πολλα,
1508 2392 1599 2451 καὶ
1625 2417 1750 2473 αγει
1780 2393 1896 2453 ἔνια

204 2480 278 2537 97
296 2476 520 2539 πολλᾶς
564 2475 823 2585 χιλιάδας
867 2466 1178 2538 ϊα>ιάνϊι“ι)ν.Ι
1257 2476 1464 2538 Ἐπεαν
1503 2480 1564 2539 δὲ
1608 2480 1895 2559 ἐπέλθῃς
1861 2508 1895 2540 ο

296 2567 506 2627 Νεῖλος
536 2563 639 2639 τήν
664 2562 868 2642 χώρην,
896 2567 956 2624 αἱ
986 2554 1155 2629 πόλις
1179 2569 1384 2643 μοῦναι
1411 2566 1765 2643 φαίνονται
1730 2594 1896 2646 υπερ-

299 2652 548 2731 έχουσαι,
590 2651 847 2728 μάλιστά
891 2678 959 2729 κη
1002 2654 1268 2730 ἐμφερέες
1302 2658 1440 2735 τῇσι
1478 2660 1535 2715 ἐν
1567 2658 1646 2735 τῷ
1683 2656 1896 2738 Αἰγαίῳ

297 2739 480 2819 πόντω
526 2738 775 2815 νήσοισι·
829 2766 901 2801 τα
953 2742 1057 2818 μὲν
1101 2740 1214 2822 γὰρ
1263 2740 1418 2801 ἄλλα
1461 2746 1563 2825 τῆς
1605 2714 1898 2853 Αἰγύπτου

296 2827 546 2908 πέλαγος
589 2828 815 2909 γίνεται,
860 2830 921 2887 αἱ
972 2829 1032 2888 δὲ
1078 2828 1247 2893 πόλις
1292 2833 1494 2906 μοῦναι
1535 2829 1895 2909 υπερέχουσι.

299 2913 709 2992 πορθμεύονται
743 2914 833 2986 ὧν,
862 2915 1031 2975 ἐπεὰν
1065 2919 1235 2975 τοῦτο
1263 2916 1508 2998 γένηται,
1536 2916 1719 2977 οὐκέτι
1755 2915 1897 2978 κατὰ

295 3003 368 3064 τά
391 3003 595 3081 ῥέεθρα
617 3006 719 3063 τοῦ
746 3007 1019 3081 ποταμοῦ,
1048 3001 1206 3062 ἀλλὰ
1233 3002 1323 3063 διὰΙ
1349 3005 1532 3081 μέσου
1555 3008 1658 3065 τοῦ
1683 3004 1897 3064 πεδίου.

300 3094 354 3155 ἐς
385 3092 489 3169 μέν
514 3117 583 3172 γε
618 3092 858 3168 Μέμφιν
890 3095 951 3149 ἐκ
987 3090 1340 3168 Ναυκράτιος
1371 3090 1738 3162 ἀναπλώοντι,
1765 3090 1897 3167 παρ’

297 3178 467 3243 αύτᾶς
491 3178 593 3242 τσῖς
628 3178 940 3256 πυραμίδας
967 3178 1180 3259 γίνεται
1211 3178 1244 3238 ὅ
1279 3177 1479 3242 πλόος·
1519 3177 1668 3261 [ἔστι
1701 3178 1763 3236 δὲ
1797 3175 1896 3235 ούκ

301 3263 477 3338 οὗτος,
528 3266 683 3328 άλλᾶ
732 3265 889 3344 παραὶ
939 3266 1007 3326 τό
1054 3264 1154 3335 ὀξυ)
1199 3269 1300 3327 τοῦ
1350 3268 1560 3337 Δέλτα,
1608 3264 1703 3324 καὶ
1743 3262 1897 3341 παρὰ
