2267 3517
350 95 634 161 149-150]
984 98 1308 147 mmmm.
1857 96 1951 145 183

348 176 445 237 καὶ
466 174 535 237 τὰ
562 174 682 237 κατ’
709 174 905 239 ὕδατος
932 174 1292 252 οἰκοδόμηται
1324 175 1510 253 ἕτερον
1545 177 1807 235 τοσοῦτο·
1861 174 1955 234 καὶ

351 262 437 323 ἐπ’
469 262 828 342 α’μφοτέρῃσι
860 263 1054 322 ἔπεστι
1084 261 1373 326 κολοσσὸς
1403 263 1616 325 λίθινος
1651 260 1958 338 κατήμενος

352 356 411 411 ἐν
437 350 633 431 θρόνῳ.
716 348 885 430 (οὕτω
920 353 988 426 αἰ,
1013 352 1117 427 μὲν
1149 350 1453 427 πυραμίδες
1493 350 1606 409 εἰσί
1645 348 1840 410 ἐκατόν
1865 348 1956 427 ὁρ-

350 439 563 519 γυιέων,
606 441 665 497 αἰ
704 437 750 497 δ’
799 437 995 497 ἑκατόν
1038 436 1258 518 ὀργυιαὶ
1293 437 1518 497 δίκαιαί
1566 440 1680 497 εἰσι
1727 436 1959 497 στάδιον

353 524 715 604 ἑξάπλεθρον·
758 524 1023 594 ἑξαπέδου
1058 527 1163 601 μὲν
1187 527 1290 601 τῆς
1329 524 1558 606 ὀργυιῆς
1589 526 1960 603 μετρεομένης

354 614 447 672 καὶ
483 612 881 691 τετραπήχεος·
934 615 1046 672 τῶν
1084 612 1272 673 ποδῶν
1310 614 1416 690 μὲν
1460 613 1959 689 τετραπαλαίστων

354 700 567 772 ἐόντων,
592 705 693 761 τοῦ
720 701 782 761 δὲ
804 692 1017 778 πήχεος
1053 699 1518 780 ἑξαπαλαίστου.)
1623 699 1690 761 τὰ
1726 700 1787 760 δὲ
1813 700 1956 777 ὕδωρ

318 806 323 811 ’
352 788 419 849 τό
446 794 506 850 ἐν
528 794 601 868 τῇ
626 788 799 868 λίμνῃ
826 788 1109 869 αὐθιγενὲς
1134 791 1238 865 μὲν
1265 787 1366 848 οὐκ
1399 789 1541 849 ἔστι·
1583 786 1814 867 ἄνυδρος
1842 788 1956 869 γὰρ

355 875 425 953 δή
458 876 644 941 δεινῶς
680 877 805 938 ἐστὶ
842 874 1038 955 ταύτῃ·
1079 880 1144 935 ἐκ
1181 880 1284 938 τοῦ
1319 878 1536 936 Νείλου
1571 876 1632 935 δὲ
1663 876 1804 937 κατὰ
1839 876 1958 936 διῶ-

355 990 503 1043 ρυχα
553 969 806 1041 ἐσῆκται,
856 965 950 1023 καὶ
992 964 1055 1034 ἓξ
1093 966 1198 1041 μὲν
1237 968 1418 1042 μῆνας
1457 965 1567 1025 ἔσω
1608 965 1722 1042 ῥέει
1763 968 1818 1027 ἐς
1857 964 1960 1041 τήν

355 1052 562 1129 λίμνην
598 1054 660 1123 ἓξ
694 1054 755 1113 δὲ
795 1056 977 1129 μῆνας
1018 1052 1120 1121 ἔξω
1163 1056 1219 1116 ἐς
1256 1053 1357 1113 τόν
1398 1056 1610 1112 Νεῖλον
1650 1050 1822 1115 αὖτις·
1863 1052 1958 1111 καὶ

358 1140 527 1200 ἐπεαν
551 1142 709 1217 μὲν“
683 1142 843 1219 εκρέῃ
870 1139 1053 1209 ἔξω,“
1015 1164 1053 1215 η
1080 1140 1142 1199 δὲ
1167 1140 1296 1201 τότε
1318 1138 1522 1221 [τους““
1497 1166 1552 1209 e„
1531 1137 1838 1219 ξμῆνας]’
1811 1165 1867 1202 ες
1891 1138 1958 1199 τὸ

356 1226 671 1303 βασιλήϊον
697 1226 1103 1303 καταβάλλει’
1078 1226 1162 1287 επ’
1181 1226 1394 1305 ημέρην
1421 1252 1660 1303 εκαστην
1682 1226 1959 1287 τάλαντον

359 1314 627 1395 οἷργυρίου
667 1320 729 1376 ἐκ
760 1341 872 1378 των
912 1315 1133 1395 ἰχθύων,
1177 1314 1344 1377 ἐπεαν
1382 1315 1442 1375 δὲ
1481 1315 1608 1395 ἐσίῃ
1633 1340 1770 1375 του
1735 1312 1932 1393 θ”δωρ
1905 1340 1960 1379 ες

358 1402 548 1479 αυτὴν,
582 1403 760 1463 εἴκοσι
788 1402 977 1479 μνέας.
1048 1402 1295 1483 Ἔλεγον
1330 1403 1390 1463 δὲ
1424 1406 1478 1463 οἱ
1504 1401 1788 1482 ἐπιχώριοι
1824 1402 1917 1462 καὶ
1937 1404 2053 1463 150

360 1516 431 1555 ως
458 1496 513 1555 ἐς
537 1517 643 1567 την
669 1491 872 1568 Σύρτιν
894 1516 1001 1567 την
1028 1496 1087 1551 ἐν
1110 1490 1302 1571 Λιβύῃ
1331 1490 1595 1551 mesot·
1556 1517 1593 1567 η
1621 1492 1794 1569 λίμνη
1819 1489 1960 1567 αὕτη

358 1578 469 1639 υπὸ
495 1583 621 1661 γῆν,
648 1580 998 1658 τετραμμένη
1023 1578 1091 1640 τὰ
1127 1578 1270 1657 πρός
1305 1579 1546 1657 εσπέρην
1572 1584 1628 1644 ἐς
1660 1604 1766 1654 την
1790 1578 1960 1656 μεσό-

356 1692 525 1748 γαιαν
554 1668 707 1746 παρὰ
743 1667 811 1729 τό
845 1665 975 1745 ὅρος
1012 1666 1079 1727 vd
1114 1666 1256 1743 ύπὲρ
1297 1666 1582 1744 Μέμφιος.
1663 1667 1788 1726 ἐπεί
1812 1692 1876 1727 τε
1901 1666 1961 1727 δὲ

357 1759 459 1816 τοῦ
484 1755 802 1837 ὀρύγματος
836 1754 1037 1816 τούτου
1070 1752 1173 1813 ούκ
1214 1753 1382 1831 ὦρεον
1411 1753 1512 1815 τᾶν
1545 1758 1686 1834 χοῦν
1717 1753 1961 1831 ούδαμου

360 1842 538 1914 ἐόντα,
579 1845 865 1924 (ἐπιμελὲς
903 1842 1015 1924 γσῖρ
1052 1841 1122 1917 δή
1162 1868 1262 1919 μοι
1295 1840 1408 1923 ἦν,)
1437 1840 1663 1919 εἰρόμην
1701 1842 1830 1906 τούς
1863 1840 1961 1923 ἅγ-

359 1950 537 2009 χιστα
589 1932 868 1994 οἰκέοντας
918 1933 1021 2005 τῆς
1072 1932 1291 2007 λίμνης,
1345 1929 1480 1990 ὅκου
1529 1930 1614 2005 εἴη
1665 1928 1698 1989 ὅ
1742 1934 1878 2008 χοῦς
1927 1928 1962 1990 ό

364 2018 697 2097 ἐξορυχθείς·
752 2021 807 2077 οἰ
846 2018 908 2077 δὲ
950 2017 1208 2094 ἔφρασάν
1242 2044 1342 2095 μοι
1377 2017 1466 2078 ἵνα
1502 2016 1832 2093 ἐξεφορήθη,
1870 2016 1964 2075 καί

367 2103 631 2168 εὐπετέως
671 2105 909 2165 ἔπειθον·
949 2104 1087 2183 ᾔδεα
1123 2105 1237 2187 γοὶρ
1277 2104 1430 2187 λόγῳ
1471 2106 1564 2165 καὶ
1602 2110 1663 2166 ἐν
1702 2105 1855 2185 Νίνῳ
1891 2107 1966 2183 τῇ

363 2189 682 2269 Ἀσσυρίων
716 2192 856 2252 πόλι
888 2192 1187 2273 γενόμενον
1223 2194 1408 2273 ἕτερον
1442 2197 1682 2254 τοιοῦτο·
1739 2190 1811 2253 rot
1852 2192 1963 2274 γὰρ

368 2280 851 2358 Σαρδαναπάλλου
874 2286 975 2341 τοῦ
997 2282 1176 2342 Νίνου
1194 2284 1472 2359 βασιλέος
1495 2282 1776 2362 χρήματα,
1804 2281 1966 2344 ἐόντα

343 2366 591 2449 ’μεγάλα
630 2370 723 2431 καὶ
760 2370 1177 2446 φυλασσόμενα
1221 2376 1277 2431 ἐν
1319 2372 1660 2448 θησαυροῖσι
1703 2372 1964 2452 καταγαί-

368 2481 501 2526 οισι,
544 2456 851 2533 ἐπενόησαν
886 2461 1105 2522 κλῶπες
1145 2462 1480 2535 ἐκφορῆσαι·
1545 2464 1604 2519 ἐκ
1639 2458 1707 2535 δὴ
1741 2458 1816 2519 ὧν
1854 2464 1968 2520 τῶν

366 2545 655 2623 σφετέρων
676 2546 859 2605 οἰκίων
884 2545 1185 2623 ἀρξάμενοι
1205 2550 1259 2606 οἱ
1278 2552 1510 2617 κλῶπες,
1529 2546 1639 2607 ὖπό
1663 2551 1771 2627 γῆν
1793 2548 1964 2607 σταθ-

367 2632 629 2709 μεόμενοι
674 2638 731 2697 ἐς
780 2634 853 2693 τοὶ
897 2634 1188 2711 βασιλήϊα
1229 2635 1377 2695 οἰκία
1428 2635 1696 2712 ὅρυσσον·
1764 2634 1864 2695 τᾶν
1902 2635 1963 2694 δὲ

366 2724 506 2799 χοῦν
532 2720 643 2782 cdv
684 2721 1091 2799 ἐκφορεόμενον
1116 2727 1178 2783 ἐκ
1210 2726 1314 2784 τοῦ
1349 2722 1678 2804 ὀρύγματος,
1707 2721 1844 2787 ὅκως
1875 2722 1967 2804 γέ-

366 2832 519 2867 νοιτο
559 2808 675 2879 νύξ’,
705 2813 759 2872 ἐς
794 2809 895 2870 τὸν
928 2810 1122 2891 Τίγριν
1154 2810 1408 2889 ποταμόν
1436 2811 1824 2889 παραρρέοντα
1860 2809 1967 2887 τήν

368 2899 547 2956 Νῖνον
593 2896 906 2975 ἐξεφόρεον·
976 2903 1031 2961 ἐς
1078 2926 1109 2957 ο
1161 2897 1578 2980 κατεργάσαντο
1623 2898 1656 2959 ὅ
1701 2924 1758 2960 τι
1805 2897 1967 2983 ἐβού-

366 2987 561 3044 λοντο.
599 3015 603 3019 >
640 2989 894 3045 τοιοῦτον
922 2985 1107 3063 ἕτερον
1132 2986 1353 3061 ἥκουσα
1379 2987 1470 3045 καὶ
1495 2987 1562 3047 τὰ
1588 2990 1690 3061 τῆς
1715 2990 1773 3044 ἐν
1799 2978 1967 3066 Αἰγύ-

366 3096 489 3150 πτῳ
514 3071 774 3148 λίμνης”
742 3096 961 3153 ορυγμα
980 3074 1263 3153 γενέσθαι·
1305 3074 1458 3149 πλην
1485 3072 1550 3132 οὗ
1576 3098 1786 3141 νυκτος,
1813 3071 1969 3132 ἅλλα

366 3159 489 3237 μετ’
524 3160 739 3238 ἡμέρην
777 3159 1121 3237 ποιεύμενον·
1177 3160 1524 3239 ὀρύσσοντας
1553 3184 1665 3239 γαρ
1694 3184 1796 3218 τον
1829 3164 1972 3237 χοῦν

366 3247 499 3313 τοῦς
534 3248 873 3331 Αἰγυπτίους
909 3252 965 3311 ἐς
998 3248 1099 3309 τὸν
1129 3252 1344 3309 Νεῖλον
1377 3246 1617 3323 φορέειν·
1658 3244 1692 3305 ὅ
1731 3244 1808 3316 δὲ,
1834 3246 1969 3308 ὕπο-
