2267 3517
359 133 639 199 191-193]
1052 135 1279 187 nmo.
1900 136 1965 184 93

356 214 579 292 ἔσχατα
614 216 717 289 τῆς
752 213 953 279 πόλιος
983 214 1319 285 ἑαλωκότων,
1351 213 1482 279 τοῦς
1509 212 1579 275 τὰ
1610 214 1790 292 μέσον
1824 213 1966 274 οἶκέ·

361 326 527 363 οντας
572 304 685 361 τῶν
736 303 1113 378 Βαβυλωνίων
1165 330 1232 363 ου
1281 302 1581 376 μανθάνειν
1633 300 1964 365 ἑαλωκότας·

362 387 519 449 α’λλιὶ
558 389 769 470 (τυχεῖν
807 389 919 470 γάρ
960 396 1073 467 σφι
1121 394 1326 450 ἐοῦσαν
1373 389 1568 469 ὁρτὴν)
1615 388 1865 468 χορεύειν
1906 414 1970 448 τε

364 480 560 555 τοῦτον
594 476 694 537 τόν
731 476 936 555 χρόνον
972 478 1065 537 καὶ
1098 482 1159 539 ἐν
1189 477 1516 557 εὐπαθείῃσι
1549 476 1703 547 εἶναι,
1732 482 1789 541 ἐς
1825 504 1858 538 ο
1895 474 1964 552 δή

367 564 459 624 καὶ
480 564 545 625 τό
572 564 749 642 κάρτα
774 564 1064 626 ἐπύθοντο.

446 653 559 711 Καὶ
594 652 878 728 Βαβυλῶν
908 655 1013 729 μὲν
1044 652 1186 713 οὕτω
1221 652 1352 713 τότε
1385 655 1606 729 πρῶτον
1641 636 2070 729 &palmo-192·

362 740 465 815 τήν
503 741 563 801 δὲ
602 740 833 818 δύναμιν
870 744 981 802 τῶν
1014 741 1393 816 Βαβυλωνίων
1427 744 1706 800 πολλοῖσι
1739 764 1844 817 μεν
1875 741 1970 801 καὶ

361 828 597 890 ἄλλοισι
636 828 873 905 δηλώσω
917 828 1030 906 ὅση
1067 830 1154 891 τίς
1193 832 1333 900 ε’στι,
1375 832 1436 888 ἐν
1475 828 1536 889 δὲ
1575 828 1644 904 δή
1686 828 1778 887 καὶ
1808 828 1966 908 τῷδε·

284 930 291 937 ’
359 918 604 993 βασιλεῖ
644 920 723 996 τῷ
764 916 995 997 μεγάλῳ
1042 922 1097 981 ἐς
1139 916 1361 993 τροφὴν
1405 916 1576 977 αὐτοῦ
1617 941 1680 976 τε
1727 917 1820 976 καὶ
1865 921 1969 994 τῆς

362 1010 631 1083 στρατιῆς
669 1005 1032 1083 διαραίρηται,
1075 1004 1258 1082 πάρεξ
1292 1008 1394 1064 τοῦ
1436 1004 1635 1081 φόρου,
1680 1008 1759 1085 γῆ
1803 1008 1968 1065 πᾶσα

362 1092 503 1170 ὅσης
540 1092 721 1172 ἄρχει·
762 1092 1005 1153 δυώδεκα
1036 1090 1111 1153 ῶν
1141 1096 1330 1169 μηνῶν
1363 1090 1561 1153 ἐόντων
1587 1097 1644 1155 ἐς
1667 1091 1768 1151 τᾶν
1794 1096 1965 1151 ἐνιαυ-

362 1179 481 1250 arev,
504 1206 635 1243 τους
663 1180 939 1257 τέσσερας
969 1183 1151 1257 μῆνας
1179 1180 1376 1257 τρέφει
1414 1205 1513 1256 μιν
1551 1179 1591 1255 ἦ
1629 1180 1970 1256 Βαβυλωνίη

363 1266 537 1347 χώρη,
561 1293 691 1331 τους
720 1266 842 1327 δὲ’
812 1267 955 1329 οκτῶ
979 1271 1089 1329 τῶν
1113 1272 1302 1345 μηνῶν
1326 1267 1365 1343 ἦ
1391 1268 1566 1343 λοιπή
1592 1270 1754 1327 πᾶσα
1778 1265 1967 1344 Ἀσίη·

366 1354 509 1415 οὕτω
545 1356 872 1432 τριτημορίη
909 1354 948 1431 ἦ
987 1355 1268 1433 Ἀσσυρίη
1299 1381 1456 1435 χωρη
1490 1360 1562 1435 τῇ
1605 1354 1832 1433 δυνάμει
1867 1380 1970 1431 της

365 1441 547 1520 ἄλλης
570 1442 787 1519 Ἀσίης·
828 1443 923 1503 καὶ
954 1469 991 1520 η
1025 1442 1174 1522 ἀρχὴ
1204 1447 1308 1519 τῆς
1330 1469 1514 1522 χωρης
1537 1441 1758 1519 ταύτης,
1784 1441 1890 1519 τὴν
1913 1444 1970 1503 οἱ

364 1532 589 1610 Πέρσαι
640 1530 994 1608 σατραπηιην
1039 1532 1327 1601 καλέουσι,
1374 1531 1496 1592 ἔστι
1543 1530 1806 1591 οἶπασέων
1857 1534 1969 1591 τῶν

363 1619 577 1701 α’ρχέων
610 1618 830 1681 πολλόν
863 1644 923 1680 τι
950 1619 1242 1696 κρατίστη·
1284 1616 1416 1679 ὅκου
1440 1619 1858 1698 Τριτανταίχμῃ
1891 1621 1970 1697 τῷ

359 1706 717 1787 Ἀρταβάζου
758 1712 819 1769 ἐκ
857 1706 1147 1784 βασιλέως
1189 1707 1372 1791 ἔχοντι
1409 1706 1510 1767 τᾶν
1557 1706 1730 1783 νομόν
1769 1710 1970 1767 τοῦτον

361 1796 627 1903 ἀργυρίου
663 1798 768 1872 μὲν
805 1794 1049 1874 προσῄει
1087 1793 1326 1870 εκάστης
1363 1794 1574 1872 ἡμέρης
1610 1792 1837 1871 ἀρταβη
1873 1819 1966 1872 με·

360 1884 492 1960 στή·
549 1883 613 1964 (ἦ
655 1883 715 1943 δὲ
754 1881 997 1960 αρταβη,
1036 1882 1246 1959 μέτρον
1290 1881 1382 1942 ε’ὂν
1427 1880 1730 1959 Περσικόν,
1772 1881 1968 1961 χωρέει

359 1972 629 2049 μεδίμνου
663 1970 924 2047 Ἀττικῆς
958 1973 1160 2030 πλεῖον
1195 1969 1400 2049 χοίνιξι
1436 1971 1593 2047 τρισὶ
1629 1968 1967 2048 Ἀττικῇσι·)

366 2058 529 2119 ἵπποι
554 2058 615 2118 δὲ
641 2061 695 2117 οἶ
720 2056 891 2117 αὐτοῦ
913 2056 1063 2133 ἦσαν
1084 2058 1210 2136 ἰδίῃ,
1229 2056 1411 2135 πάρεξ
1426 2062 1537 2117 τῶν
1561 2057 1968 2132 πολεμιστέων,

365 2147 421 2205 οἶ
461 2146 565 2222 μὲν
604 2144 1001 2220 α’ναβαίνοντες
1041 2144 1144 2209 τοῖς
1183 2144 1392 2221 θηλέας
1431 2142 1770 2215 ὀκτακόσιοι,
1812 2146 1875 2203 αἱ
1911 2143 1971 2203 δὲ

362 2232 695 2309 βαινόμεναι
734 2231 1109 2311 ἑξακισχθιιαι
1149 2233 1242 2293 καὶ
1285 2231 1497 2311 μύριαι·
1555 2231 1820 2308 ἀνέβαινε
1857 2229 1969 2314 γὰρ

365 2321 600 2383 ἕκαστος
635 2323 747 2380 τῶν
784 2320 1021 2398 ἐρσένων
1057 2319 1268 2382 τούτων
1307 2322 1487 2381 εἴκοσι
1528 2320 1749 2385 ἵππους·
1794 2324 1969 2381 κυνῶν

334 2409 427 2470 ’δὲ
462 2407 705 2469 Ἰνδικῶν
741 2412 983 2469 τοσοῦτο
1022 2406 1093 2484 δή
1130 2434 1188 2469 τι
1225 2410 1448 2483 πλῆθος
1493 2409 1778 2486 ἐτρέφετο,
1823 2408 1970 2470 ὥστε

364 2497 629 2574 τέσσερες
678 2500 788 2557 τῶν
840 2501 900 2557 ἐν
943 2500 1021 2576 τῷ
1072 2496 1242 2575 πεδίῳ
1304 2500 1486 2574 κῶμαι
1541 2496 1806 2579 μεγάλαι,
1856 2501 1969 2556 τῶν

364 2584 555 2645 ἄλλων
606 2588 801 2645 ἐοῦσαι
845 2583 1083 2655 α’τελέες,
1129 2588 1286 2645 τοῖσι
1333 2585 1464 2645 κυσὶ
1509 2583 1968 2664 προσετεταχοῖτο

364 2674 521 2733 σιτία
544 2673 829 2752 παρέχειν.
907 2676 1141 2733 τοιαῦτα
1170 2673 1274 2749 μὲν
1297 2676 1374 2751 τῷ
1399 2671 1630 2752 ἄρχοντι
1653 2676 1754 2748 τῆς
1780 2673 1970 2748 Βαβυ-

364 2764 542 2823 λῶνος
582 2758 801 2837 ὑπῆρχε
846 2758 1024 2821 ε’όντα.
1108 2759 1185 2819 Ἡ
1227 2759 1287 2819 δὲ
1329 2763 1407 2841 γῆ
1455 2764 1566 2821 τῶν
1607 2758 1928 2837 Ἀσσυρίων
1948 2759 2064 2818 193

363 2847 518 2908 ὕεται
557 2849 665 2925 μὲν
704 2848 893 2929 ὀλίγῳ,
938 2847 1032 2907 καὶ
1075 2846 1144 2908 τό
1193 2848 1462 2925 ἐκτρέφον
1502 2846 1608 2924 τὴν
1660 2849 1817 2924 ῥίζαν
1868 2850 1971 2907 τοῦ

364 2935 529 2995 σίτου
565 2936 689 2995 ἐστὶ
715 2938 903 2995 τοῦτο·
944 2934 1252 3013 οἷρδόμενον
1283 2936 1474 3013 μέντοι
1501 2940 1562 2995 ἐκ
1585 2940 1685 2995 τοῦ
1711 2937 1969 3011 ποταμοῦ

362 3022 659 3101 ἁδρύνεταί
683 3047 746 3083 τε
780 3022 847 3083 τό
881 3020 1061 3099 λήϊον,
1096 3023 1191 3082 καὶ
1223 3023 1589 3104 παραγίνεται
1621 3021 1655 3082 ὅ
1691 3025 1866 3091 σῖτος,
1901 3016 1968 3079 οὗ

365 3110 613 3188 κατάπερ
657 3114 716 3171 ἐν
757 3108 1021 3190 Αἰγύπτῳ
1064 3108 1236 3169 αὐτοῦ
1285 3114 1387 3169 τοῦ
1433 3112 1690 3185 ποταμοῦ
1736 3106 1972 3181 ἀναβαί-

364 3224 556 3266 νοντος
591 3204 647 3263 ἐς
679 3197 781 3263 τοῖς
816 3196 1071 3276 α’ρούρας,
1108 3194 1266 3257 ἀλλὰ
1295 3196 1468 3275 χερσί
1496 3220 1558 3255 τε
1585 3195 1678 3253 καὶ
1704 3192 1970 3268 κηλωνηί-

360 3312 483 3349 οισι
540 3286 865 3368 εἶρδόμενος·
932 3284 973 3360 ἦ
1021 3283 1136 3365 γὰρ
1189 3280 1530 3359 Βαβυλωνίη
1579 3279 1738 3358 χώρη
1787 3281 1969 3347 πᾶσα,
