2267 3517
344 152 629 220 142-144]
935 190 943 197 .
986 156 1312 206 mwpnn.
1847 162 1944 216 179

338 234 527 295 σίοισί
544 259 609 294 τε
643 234 736 294 καὶ
768 234 1188 312 τεσσεράκοντα
1231 236 1426 317 ἔλεγον
1454 234 1583 295 θεόν
1610 234 1942 312 ἀνθρωποει-

338 320 439 381 δέα
464 320 661 381 οὗδένα
685 322 967 402 γενέσθαι·
1010 320 1076 382 οὔ
1111 322 1305 399 μέντοι
1343 320 1476 382 οὖδέ
1504 321 1792 407 πρότερον,
1819 322 1947 384 οὐδὲ

338 407 577 487 ὕστερον
615 414 674 469 ἑν
711 413 865 469 τοῖσι
900 409 1268 470 ὑπολοίποισι
1306 409 1596 491 Αἰγύπτου
1627 410 1946 487 βασιλεῦσι

336 498 705 578 γενομένοισι,
734 498 931 577 ἔλεγον
954 501 1208 558 τοιοῦτον
1235 497 1413 557 οὐδέν.
1473 502 1532 557 ἑν
1557 497 1742 559 τοίνυν
1765 498 1944 579 τούτῳ

336 589 415 664 τῷ
436 584 618 665 χρόνῳ
641 584 893 663 τετράκις
920 585 1114 667 ἔλεγον
1144 584 1206 655 ἐξ
1229 584 1406 660 ἠθέων
1425 584 1526 645 τᾶν
1551 584 1714 661 ἥλιον
1733 584 1944 647 ἀνατεῖ-

338 676 439 733 λαι
464 674 622 752 (ἔνθα
644 698 708 733 τε
732 678 830 734 νῦν
856 672 1186 733 καταδύεται
1221 674 1471 734 ἐνθεῦτεν
1497 672 1580 737 δὶς
1605 676 1942 745 ἐπαντεῖλαι,

340 761 433 820 καὶ
458 762 612 823 ἔνθεν
636 765 735 822 νῦν
761 760 1062 823 ἀνατέλλει
1092 761 1331 822 ε’νθαῦτα
1357 761 1440 824 δὶς
1465 761 1810 842 καταδῦναι·)
1851 762 1946 822 καὶ

340 846 499 909 οὖδεν
533 853 647 910 τῶν
686 847 829 909 κατ’.
845 849 1133 931 Αἴγυπτον
1171 875 1282 909 υπο
1323 852 1500 917 ταῦτα
1541 850 1941 926 ἑτεροιωθῆναι,

340 932 467 996 οὔτε
500 934 573 997 τοὶ
612 939 674 997 ἑκ
712 940 817 1014 τῆς
854 941 963 1049 γῆς
1002 962 1132 997 ουτε
1169 962 1244 998 τα
1286 928 1349 997 ἑκ
1387 941 1489 997 τοῦ
1530 941 1788 1014 ποταμοῦ
1827 944 1942 1014 σφι

336 1023 603 1105 γινόμενα
640 1050 771 1085 ουτε
808 1024 881 1086 τὰ
905 1024 1059 1102 ἀμφὶ
1096 1024 1334 1089 νούσους
1373 1023 1501 1085 οὔτε
1537 1024 1612 1084 va*
1645 1024 1786 1084 κατὰ
1816 1026 1946 1089 τοῦς

340 1110 627 1177 θανάτους.
709 1112 1001 1190 Πρότερον
1031 1112 1093 1172 δὲ
1112 1111 1391 1193 ’Ἑκαταίῳ
1425 1116 1504 1191 τῷ
1534 1115 1818 1192 λογοποιῷ
1843 1118 1901 1173 ἑν
1921 1114 2036 1175 143

340 1196 576 1278 Θήβῃσι
611 1200 1094 1281 γενεηλογήσαντί
1126 1224 1193 1261 τε
1231 1199 1435 1261 ἑωυτόν
1470 1198 1562 1259 καὶ
1601 1198 1943 1275 ἀναδήσαντι

338 1284 445 1363 τὴν
468 1286 711 1365 πατριὴν
738 1290 793 1351 ἐς
828 1286 1210 1348 ἑκκαιδέκατον
1240 1286 1385 1359 θεδν,
1424 1284 1698 1363 ἑποιήσαν
1723 1290 1778 1346 οἱ
1804 1289 1944 1365 ἱρέες

338 1376 440 1432 τοῦ
467 1372 605 1437 Διός
631 1372 749 1435 οἶόν
772 1399 829 1435 τι
866 1375 956 1434 καὶ
992 1374 1118 1451 ἐμοὶ
1151 1373 1218 1435 οὔ
1243 1373 1720 1457 γενεηλογήσαντι
1747 1378 1940 1452 ε’μεωυ-

337 1459 459 1522 τόν·
512 1460 887 1543 ἐσαγαγόντες
924 1465 983 1526 ές
1012 1461 1081 1522 τὰ
1114 1462 1364 1543 μέγαρον
1390 1463 1517 1533 ἔσω,
1548 1461 1641 1522 ἐὰν
1663 1463 1827 1544 μέγα,
1854 1463 1938 1534 ἑξ-

336 1549 605 1627 ηρίθμεον
639 1549 944 1614 δεικνύντες
986 1549 1306 1613 κολοσσοῦς
1343 1550 1599 1621 ξυλίνους
1633 1550 1940 1615 τοσούτους
1974 1624 1978 1629 .

336 1635 508 1702 ὅσους
557 1634 665 1716 περ
716 1636 895 1699 εἶπον·
977 1636 1238 1717 ἀρχιρεῦς
1287 1638 1400 1719 γάρ
1459 1638 1696 1701 ἕκαστος
1747 1637 1950 1700 αὐτόθι·

338 1724 564 1786 ἵσταται
588 1725 681 1786 ε’πὶ
705 1730 807 1802 τῆς
832 1728 1036 1786 ἑωυτοῦ
1068 1724 1200 1801 ζόης
1235 1724 1419 1787 εἰκόνα
1456 1729 1675 1786 ἑωυτοῦ·
1717 1724 1941 1803 ἀριθμέ-

335 1838 491 1878 οντες
526 1812 603 1874 ὧν
638 1813 731 1873 καὶ
762 1813 1065 1877 δεικνύντες
1096 1816 1152 1872 οἱ
1188 1814 1329 1891 ἰρέες
1366 1813 1508 1893 ἐμοὶ,
1541 1813 1942 1875 ἀπεδείκνυσαν

332 1902 511 1962 παῖδα
533 1901 749 1980 πατρός
773 1904 983 1962 ἑωιηῶν
1009 1902 1250 1961 ἕκαστον
1276 1899 1453 1971 ἐόντα,
1483 1905 1544 1961 ἑκ
1568 1903 1670 1961 τοῦ
1695 1899 1944 1980 ἄγχιστα

334 1987 715 2053 ἀποθανόντος
752 1992 857 2065 τῆς
894 1987 1103 2053 εἰκόνος
1134 1988 1427 2059 διεξιόντες
1457 1987 1549 2047 διὰ
1587 1988 1814 2047 πασέων
1841 1988 1939 2051 ἔως

335 2073 403 2135 οὗ
441 2075 716 2148 ἀπέδεξαν
756 2075 985 2140 ἁπάσας
1025 2076 1216 2141 αύτάς·
1268 2075 1542 2156 Ἑκαταίῳ
1583 2074 1644 2135 δὲ
1680 2078 1940 2156 γενεηλο-

332 2163 578 2245 γήσαντι
643 2162 845 2224 ἑωυτόν
902 2165 995 2226 καὶ
1052 2164 1398 2241 ἀναδήσαντι
1449 2169 1506 2227 ἐς
1559 2163 1941 2223 ἑκκαιδέκατον
1996 2160 2002 2166 ’

334 2249 481 2323 θεον,
518 2251 1069 2364 ἀντεγενεηλόγησαν
1106 2254 1198 2314 ἐπὶ
1235 2258 1310 2332 τῇ
1351 2251 1655 2329 ἀριθμήσει
1691 2250 1756 2311 ού
1787 2250 1940 2312 δεκό-

332 2365 492 2416 μενοι
540 2339 671 2418 παρ’
726 2339 895 2401 αυτοῦ
950 2339 1063 2401 ἀπο
1117 2341 1250 2401 θεοῦ
1305 2340 1572 2423 γενέσθαι
1629 2337 1937 2417 ανθρωπον·

332 2427 883 2511 ἀντεγενεηλόγησαν
938 2428 1000 2488 δὲ
1026 2410 1178 2503 ὦδε,
1237 2428 1480 2506 φάμενοι
1537 2428 1776 2489 ἕκαστον
1825 2432 1938 2490 τῶν

334 2520 635 2577 κολοσσῶν
687 2518 945 2597 Πιρωμιν
996 2543 1061 2577 εκ
1114 2516 1404 2594 Πιρῶμιος
1454 2517 1758 2599 γεγονέναι,
1805 2516 1938 2580 ἔς
1901 2544 1936 2577 ο

333 2603 465 2668 τοῦς
499 2604 664 2665 πέντε
698 2604 791 2664 καὶ
825 2604 1246 2683 τεσσεράκοντα
1286 2606 1379 2663 καὶ
1417 2606 1771 2683 τριηκοσίους
1803 2602 1936 2664 ἀπέ-

330 2688 493 2761 δεξαν
535 2691 855 2757 κολοσσοῦς
894 2693 1155 2769 Πίρωμιν
1193 2698 1256 2753 ἑκ
1297 2690 1584 2771 Πιρῶμιος
1619 2690 1934 2774 γενόμενον,

332 2778 423 2837 καὶ
474 2776 601 2839 οὔτε
653 2784 709 2843 ἐς
749 2780 879 2840 θεόν
924 2776 1053 2840 οὔτε
1094 2785 1153 2844 ἐς
1192 2778 1348 2857 ἥρωα
1399 2779 1676 2856 ἀνέδησαν
1719 2779 1934 2844 αὐτούς·

329 2866 583 2944 Πίρωμις
641 2866 706 2927 δέ
762 2871 887 2928 ἑστι
943 2866 1062 2927 κατ’
1113 2866 1370 2927 Ἐλλάδα
1426 2870 1706 2948 γλῶσσαν
1764 2866 1938 2931 καλὸς

328 2952 591 3036 κάγαθός.
636 2952 790 3031 Ἤδη
832 2953 908 3015 ὧν
945 2958 1055 3015 τῶν
1096 2957 1159 3014 αἱ
1181 2954 1400 3019 .εἰκόνες
1433 2953 1584 3031 ἦσαν
1615 2955 1896 3018 τοιούτους
1913 2954 2029 3014 144

327 3038 731 3102 ἀπεδείκνυσάν
757 3048 943 3118 σφεας
970 3040 1186 3107 πάντας
1219 3041 1428 3113 ε’όντας,
1458 3043 1598 3103 θεῶν
1629 3042 1689 3102 δὲ
1713 3040 1936 3103 πολλόν

325 3126 819 3211 ἀπαλλαγμένους·
858 3129 925 3189 τό
950 3129 1011 3189 δὲ
1040 3128 1318 3207 πρότερον
1342 3134 1454 3189 τῶν
1489 3128 1700 3206 ἀνδρῶν
1722 3126 1932 3189 τούτων

324 3212 495 3282 θεοὺς
537 3218 679 3278 εἶναι
720 3215 851 3280 τοῦς
898 3220 958 3276 ἑν
999 3215 1267 3297 Αἰγύπτῳ
1321 3214 1611 3293 ἄρχοντας,
1657 3214 1934 3279 οἰκέοντας

322 3301 447 3383 ἅμα
484 3308 641 3367 τοῖσι
692 3300 1062 3383 ἀνθρώποισι·
1130 3303 1225 3361 καὶ
1271 3302 1481 3363 τούτων
1532 3299 1642 3358 αἰεὶ
1687 3300 1784 3361 ἑνα
1833 3300 1936 3362 τᾶν
