2267 3517
335 169 426 217 198
760 168 1122 218 ἯΡοΔοΤοτ
1155 166 1475 217 mmmm
1819 167 1921 232 [11

331 246 415 306 “ω
441 246 619 330 γύναι,
647 248 790 308 κατά
816 272 889 325 με
921 247 1262 325 ἐφάρμαξας,
1290 247 1383 305 καὶ
1422 247 1547 306 ἔστι
1574 271 1665 306 τοι
1694 244 1926 325 οὖδεμία

330 334 554 412 μηχανή
573 360 688 441 ’,μη
748 360 849 394 ουκ
914 332 1269 394 ἀπολωλέναι
1335 331 1575 393 κάκιστα
1623 335 1924 415 γυναικέων

328 421 604 481 πασέων·”
642 421 681 497 ή
717 421 775 480 δὲ
810 421 1043 497 Λαδίκη,
1080 421 1208 480 ε’πεί
1235 421 1302 480 τέ
1335 423 1389 480 οἰ
1424 420 1727 500 άρνευμένῃ
1764 421 1924 483 ουδὲν

329 509 539 590 ἐγίνετο
571 510 876 587 πρηΰτερος
909 509 942 569 ὅ
962 509 1230 586 Ἀμασις,
1263 507 1513 620 εὔχεται
1518 514 1577 569 ἐν
1611 513 1688 589 τῷ
1720 510 1827 590 νόῳ
1850 515 1924 590 τῇ

329 595 655 677 Ἀφροδίτῃ,
699 596 772 673 ἤν
813 599 868 657 οἶ
907 595 1002 656 ὕπ’
1043 597 1255 672 ε’κείνην
1298 596 1403 673 τὴν
1448 596 1619 684 νύκτα
1663 599 1843 677 μιχθῇ
1887 625 1921 658 ο

317 683 586 762 Ἀμασις,
626 689 792 746 τοῦτο
831 683 942 766 γάρ
979 687 1034 744 οἱ
1069 687 1244 744 κακοῦ
1285 683 1423 744 εἶναι
1453 688 1654 764 μῆχος,
1689 681 1923 765 ἄγαλμά

332 775 387 832 οἳ
437 770 791 850 ἀποπέμψειν
845 777 900 836 ἐς
951 771 1232 850 Κυρήνην·
1287 797 1432 849 μετα
1484 771 1545 831 δὲ
1593 771 1700 848 τήν
1753 771 1924 852 εὖχήν

332 857 528 920 αυτίκα
568 865 622 920 οἰ
658 859 926 940 ἐμίχθη“
894 887 925 920 ο
963 859 1230 936 Ἀμασις,
1270 859 1364 918 καὶ
1402 885 1470 920 το
1515 859 1763 921 ἐνθεῦτεν
1796 859 1921 938 ἤδη,

329 946 492 1008 ὁκότε
531 949 688 1008 ἔλθοι
726 947 867 1025 πρὸς
906 945 1095 1024 αυτὴν,
1140 947 1423 1027 ἐμίσγετο·
1476 947 1569 1006 καὶ
1609 945 1787 1024 κάρτα
1824 973 1923 1024 μιν

332 1036 555 1113 ἔστερξε
605 1035 750 1114 μετοὶ
800 1039 986 1096 τοῦτο.
1067 1035 1104 1111 ἦ
1152 1035 1212 1094 δὲ
1261 1035 1477 1111 Λαδίκη
1529 1033 1775 1096 ἀπέδωκε
1818 1036 1924 1112 τὴν

333 1123 501 1202 εὐχὴν
529 1128 602 1203 τῇ
642 1125 766 1203 θεῷ·
806 1123 1162 1200 ποιησαμένη
1201 1121 1312 1202 γὰρ
1354 1120 1587 1203 ἄγαλμα
1627 1121 1941 1203 ἀπέπεμψε·

334 1216 389 1274 ἐς
415 1211 696 1290 Κυρήνην,
717 1211 782 1272 vd
810 1212 890 1272 ἔτι
916 1211 1010 1270 καὶ
1036 1215 1090 1273 ἐς
1117 1212 1215 1287 ἐμὲ
1240 1209 1311 1285 ἦν
1330 1208 1485 1280 σόον,
1507 1210 1608 1280 ἔξω
1636 1209 1924 1289 ἱδρυμένον

329 1303 432 1360 τοῦ
485 1300 809 1376 Κυρηναίων
861 1298 1081 1362 ἄστεος.
1161 1297 1367 1373 ταύτην
1404 1296 1509 1372 τὴν
1545 1297 1809 1375 Λαδίκην,
1852 1301 1924 1364 ὥς

332 1387 675 1463 ἐπεκράτησε
701 1385 1026 1463 Καμβύσης
1051 1384 1339 1466 Αἰγύπτου
1366 1385 1460 1444 καὶ
1493 1384 1727 1446 ε’πῦθετο
1753 1385 1924 1465 αὔτῆς

332 1473 370 1550 ἦ
393 1499 476 1537 τις
504 1475 604 1549 εἴη,
630 1473 926 1551 ἀπέπεμψε
952 1473 1151 1532 οἷσινέα
1178 1476 1233 1536 ἔς
1258 1471 1539 1549 Κυρήνην.

245 1564 356 1622 182
436 1560 701 1638 Ἀνέθηκε
745 1560 805 1622 δὲ
847 1561 940 1620 καὶ
979 1559 1312 1636 ἀναθήματα
1354 1559 1387 1620 ὁ
1423 1559 1673 1637 Ἄμασις
1718 1567 1775 1627 ἐς
1816 1563 1924 1640 τήν

329 1648 600 1719 Ἑλλάδα,
625 1652 791 1710 τοῦτο
827 1651 934 1726 μὲν
971 1653 1028 1711 ἐς
1066 1646 1329 1725 Κυρήνην
1362 1645 1595 1727 ἄγαλμα
1620 1650 1925 1729 ἐπίχρυσον

329 1735 642 1814 Ἀθηναίης,
695 1736 788 1797 καὶ
839 1733 1022 1796 εἰκόνα
1068 1738 1270 1795 ἑωυτοῦ
1320 1740 1519 1817 γραφῇ
1572 1740 1923 1816 εἰκασμένην·

331 1828 497 1885 τοῦτο
536 1825 596 1885 δὲ
635 1828 708 1905 τῇ
752 1829 811 1885 ἐν
850 1824 1032 1904 Λίνδῳ
1071 1822 1341 1902 Ἀθηναίῃ
1381 1822 1481 1883 δύο
1518 1849 1582 1886 τε
1622 1824 1925 1906 ἀγάλματα

331 1914 538 1984 λίθινα,
579 1915 673 1974 καὶ
708 1912 930 1992 θώρηκα
962 1913 1149 1973 λίνεον
1178 1911 1519 1988 ἀξιοθέητον·
1583 1918 1750 1976 τοῦτο
1786 1915 1835 1975 δ’
1869 1921 1926 1983 ἔς

334 2003 528 2082 Σάμον
560 2007 633 2084 τῇ
667 2001 824 2084 Ἥρῃ
869 2001 1081 2066 εἰκόνας
1122 2005 1324 2062 ἑωυτοῦ
1369 2001 1638 2078 διφασίας
1682 2003 1923 2076 ξυλίνας,

334 2092 395 2152 αἳ
419 2098 477 2154 ἐν
507 2095 584 2172 τῷ
613 2095 725 2171 νηῷ
756 2095 834 2171 τῷ
867 2090 1099 2173 μεγάλῳ
1136 2089 1361 2167 ἱδρύατο
1396 2090 1477 2150 ἔτι
1512 2091 1603 2149 καὶ
1630 2089 1698 2151 τὰ
1729 2093 1926 2170 με’χρις

333 2183 481 2258 ε’μεῦ,
508 2177 710 2240 ὄπισθε
735 2182 845 2239 τῶν
871 2179 1094 2256 θυρέων.
1147 2182 1203 2241 ἔς
1225 2177 1331 2255 μέν
1354 2201 1452 2237 νυν
1476 2177 1668 2255 Σάμον
1692 2177 1927 2256 α’νέθηκε

335 2267 476 2327 κατοὶ
521 2267 722 2343 ξεινίην
760 2266 864 2341 τήν
909 2268 1110 2325 ἑωυτοῦ
1150 2289 1213 2324 τε
1252 2265 1345 2324 καὶ
1391 2264 1787 2342 Πολυκράτεος
1824 2271 1927 2328 τοῦ

334 2353 582 2423 Αἰάκεος,
624 2359 680 2415 ἐς
715 2353 774 2412 δὲ
807 2351 1012 2412 Λίνδον
1039 2352 1251 2428 ’ξεινίης
1286 2353 1390 2428 μὲν
1429 2350 1687 2430 οὐδεμιῆς
1726 2355 1927 2417 εἵνεκεν

333 2441 423 2502 ὅτι
448 2441 508 2500 δὲ
532 2440 598 2500 τὰ
627 2439 746 2516 ῑρὸν
769 2438 836 2499 τὰ
863 2443 922 2498 ἐν
952 2439 1136 2518 Λίνδῳ
1160 2439 1227 2499 τὸ
1253 2443 1353 2514 τῆς
1379 2437 1678 2517 Ἀθηναίης
1699 2443 1927 2524 λέγεται

332 2529 435 2594 τὰς
461 2531 562 2589 τοῦ
589 2529 814 2587 Δαναοῦ
842 2527 1149 2608 θυγατέρας
1176 2526 1511 2604 ἱδρύσασθαι
1538 2530 1925 2610 προσχούσης,

335 2616 429 2679 ὅτε
460 2615 866 2691 ἀπεδίδρησκον
889 2614 1017 2678 τούς
1051 2614 1338 2696 Αἰγύπτου
1368 2615 1588 2679 παῖδας.
1626 2623 1802 2679 ταῦτα
1824 2623 1929 2697 μὲν

334 2703 566 2781 ἀνέθηκε
591 2702 624 2764 ὁ
638 2701 908 2779 Ἄμασις.
990 2701 1104 2761 εἷλε
1131 2703 1193 2762 δὲ
1224 2701 1458 2780 Κύπρον
1482 2708 1699 2780 πρῶτος
1724 2706 1929 2787 ἀνθρώ-

333 2817 472 2867 πων,
498 2791 592 2853 καὶ
615 2789 1034 2870 κατεστρέψατο
1060 2794 1116 2856 ἐς
1141 2790 1323 2874 φόρου
1346 2789 1670 2875 ἀπαγωγήν.
