2267 3517
368 148 591 215 44—46]
1030 149 1356 200 ΕΤΤΕΡῙῘΗ.
1877 149 1970 199 131

370 226 513 287 κλέα
552 227 735 290 ἐόντα·
792 228 885 287 καὶ
930 226 1190 288 δοκέουσι
1237 228 1301 288 δέ
1338 252 1440 305 μοι
1483 224 1640 289 οὗτοι
1691 225 1973 306 ὀρθότατα

367 313 661 391 Ἑλλήνων
711 315 919 375 ποιέειν
970 314 1025 375 οἳ
1076 314 1200 385 διξὰ
1251 314 1562 394 Ἡράκλεια
1615 314 1972 394 ἱδρυσάμενοι

372 403 641 477 ἔκτηνται,
671 404 763 461 καὶ
794 406 873 480 τῷ
900 403 1005 479 μὲν
1030 400 1103 467 ὥς
1139 401 1394 482 α’θανάτῳ
1418 402 1716 481 Ὀλυμπίῳ
1739 402 1798 461 δὲ
1835 408 1970 462 ε’πω-

370 489 569 567 νυμίην
592 488 807 559 θύουσι,
835 494 913 568 τῷ
936 490 997 549 δὲ
1024 490 1188 569 ἑτέρῳ
1209 490 1280 555 ὥς
1303 490 1442 568 ἥρωϊ
1467 491 1801 571 ἐναγίζουσι.
1863 490 1966 551 Λέ-
1983 492 2062 551 45

370 602 541 657 γουσι
564 577 624 637 δὲ
649 575 845 637 πολλὰ
865 576 957 637 καὶ
983 576 1140 637 ἄλλα
1165 578 1578 642 ἀνεπισκέπτως
1603 582 1657 638 οἱ
1672 576 1968 654 Ἕλληνες·

372 662 577 741 εὐήθης
611 664 671 724 δὲ
697 664 879 728 αὐτῶν
905 664 998 725 καὶ
1028 663 1123 725 ὅδε
1155 665 1188 725 ὁ
1220 665 1399 742 μῦθός
1435 671 1558 727 ε’στι
1583 666 1682 727 τόν
1705 665 1834 743 περὶ
1867 668 1970 727 τοῦ

370 750 681 828 Ἡρακλέος
698 753 952 834 λέγουσι·
982 751 1053 816 ὥς
1072 750 1240 813 αὖτόν
1259 750 1594 829 ἀπικόμενον
1614 758 1670 817 ἐς
1683 754 1969 834 Αἴγυπτον

372 840 679 916 στέψαντες
708 842 763 898 οἱ
794 840 1107 921 Αἰγύπτιοι,
1133 839 1244 901 ὖπό
1276 844 1508 916 πομπῆς
1541 840 1741 921 ε’ξῆγον
1773 840 1844 905 ὥς
1876 840 1967 901 θύ-

372 946 569 989 σοντες
598 929 677 1005 τῷ
702 927 817 986 Διΐ·
858 926 960 988 τᾶν
986 926 1046 987 δὲ
1074 927 1210 991 τέως
1239 929 1343 1003 μὲν
1367 926 1612 1006 ἡσυχίην
1643 929 1806 1007 ἔχειν·
1849 928 1970 987 ε’πεὶ

372 1012 433 1073 δὲ
463 1011 631 1073 αὐτοῦ
657 1014 798 1091 πρός
831 1017 909 1093 τῷ
938 1016 1115 1093 βωμῷ
1144 1012 1505 1093 κατάρχοντο,
1533 1020 1588 1078 ἐς
1624 1013 1806 1091 ἀλκήν
1839 1039 1970 1091 τρα-

371 1100 615 1178 πόμενον
640 1100 851 1167 πάντας
878 1103 1064 1180 σφέας
1090 1104 1528 1178 καταφονεῦσαι.
1591 1101 1716 1178 ε’μοὶ
1741 1102 1846 1177 μέν
1871 1127 1968 1163 νυν

372 1187 645 1261 δοκέουσι,
670 1193 847 1250 ταῦτα
872 1190 1147 1271 λέγοντες,
1171 1193 1274 1266 τῆς
1300 1189 1617 1270 Αἰγυπτίων
1641 1187 1847 1266 φύσιος
1873 1189 1967 1249 καὶ

369 1280 480 1336 τῶν
505 1275 689 1353 νόμων
712 1276 960 1388 πάμπαν
972 1276 1213 1354 α’πείρως
1237 1278 1382 1356 ἔχειν
1408 1280 1462 1337 οἰ
1482 1276 1779 1349 Ελληνες·
1815 1280 1968 1338 τοῖσι

371 1390 481 1444 γαρ
522 1363 647 1425 ουδὲ
688 1365 889 1441 κτήνεα
929 1364 1063 1442 ὁσίη
1104 1364 1255 1425 θύειν
1297 1364 1436 1436 ἐστὶ,
1476 1364 1646 1443 χωρὶς
1687 1363 1832 1436 ὄιων,
1875 1365 1968 1424 καὶ

372 1451 611 1529 ε’ρσένων
634 1454 791 1530 βοῶν
817 1452 911 1512 καὶ
934 1452 1171 1532 μόσχων
1197 1451 1328 1513 ὅσοι
1351 1450 1421 1513 ἂν
1446 1452 1679 1530 καθαροὶ
1706 1453 1855 1523 ἔωσι,
1877 1452 1970 1512 καὶ

370 1544 572 1618 χηνῶν,
606 1544 711 1605 κῶς
743 1538 813 1601 ἂν
848 1538 1003 1601 οὗτοι
1037 1539 1361 1617 ἀνθρώπους
1396 1540 1612 1611 θύοιενς
1656 1542 1736 1601 ἔτι
1773 1540 1833 1600 δὲ
1872 1541 1970 1601 ἕνα

373 1627 533 1688 ε’όντα
565 1628 665 1689 τόν
696 1627 984 1706 Ἡρακλέα
1016 1626 1108 1687 καὶ
1142 1628 1222 1688 ἔτι
1252 1626 1560 1706 ἄνθρωπον,
1589 1626 1660 1693 ὥς
1695 1627 1765 1705 δή
1801 1633 1968 1704 φασι,

372 1718 479 1779 κῶς
506 1714 683 1792 φύσιν
710 1717 824 1796 ἔχει
848 1716 1071 1779 πολλάς
1094 1714 1364 1793 μυριάδας
1385 1720 1693 1789 φονεῦσαι,
1730 1716 1822 1775 καὶ
1839 1716 1970 1793 περὶ

369 1805 473 1880 μὲν
496 1803 705 1865 τούτων
722 1806 976 1863 τοσαῦτα
1002 1801 1139 1879 ἡμῖν
1159 1806 1379 1863 εἰποῦσι
1407 1804 1499 1865 καὶ
1523 1803 1677 1882 παρά1
1701 1806 1811 1865 τῶν
1831 1804 1970 1865 θεῶν

372 1892 464 1951 καὶ
488 1891 643 1969 παρὰ
666 1896 777 1952 τῶν
800 1890 994 1968 ἤρῶων
1020 1888 1270 1967 εὐμένεια
1296 1891 1398 1967 εἴη.

451 1979 563 2043 Tute
588 1980 649 2039 δὲ
676 1979 743 2055 δὴ
772 1979 935 2061 αἶγας
960 1977 1055 2037 καὶ
1077 1976 1207 2051 τούς
1231 1978 1472 2059 τράγους
1496 1976 1667 2037 τῶνδε
1695 1978 1874 2037 εἵνεκα
1901 1972 1966 2036 οὖ
1984 1978 2064 2037 46

374 2064 573 2127 θύουσι
596 2068 913 2147 Αἰγυπτίων
940 2068 995 2126 οἰ
1021 2064 1316 2144 εἰργμένοι.
1374 2064 1477 2125 τόν
1501 2066 1668 2124 Πᾶνα
1692 2067 1802 2124 τῶν
1827 2062 1970 2123 dxv-n}

372 2153 516 2213 θεῶν
552 2154 871 2234 λογίζονται
910 2151 1051 2214 εἶναι
1090 2156 1148 2213 οἱ
1185 2151 1516 2227 Μενδήσιοι·
1555 2150 1685 2215 τοῦς
1724 2150 1784 2211 δὲ
1823 2149 1969 2211 ὄκτῶ

376 2238 533 2304 θεοὺς
575 2239 805 2305 τούτους
849 2240 1151 2319 προτέρους
1196 2243 1306 2302 τῶν
1353 2238 1591 2299 δυώδεκα
1635 2239 1775 2299 θεῶν
1819 2246 1970 2317 φασι

373 2327 655 2407 γενέσθαι.
710 2327 1003 2409 γράφουσί
1017 2332 1079 2388 τε
1099 2327 1169 2404 δὴ
1187 2328 1280 2388 καὶ
1296 2326 1588 2410 γλύφουσι
1609 2330 1662 2387 οἱ
1682 2327 1969 2410 ζωγράφοι

375 2415 467 2473 καὶ
494 2419 547 2476 οἰ
573 2416 1023 2497 ἀγαλματοποιοὶ
1052 2420 1156 2477 τοῦ
1187 2415 1380 2479 Πανός
1404 2414 1693 2496 τῶγαλμα,
1722 2415 1968 2494 κατάπερ

366 2501 657 2580 Ἕλληνες,
705 2504 1140 2586 αἰγοπρόσωπον
1191 2504 1286 2565 καὶ
1335 2506 1739 2585 τραγοσκελέα·
1795 2504 1860 2565 οὔ
1911 2529 1970 2566 τι

372 2596 625 2654 τοιοῦτον
648 2594 963 2670 νομίζοντες
990 2592 1137 2652 εἷναί
1164 2618 1279 2669 μιν,
1306 2591 1437 2651 ἀλλ’
1466 2591 1662 2669 ὁμοῖον
1690 2596 1843 2654 τοῖσι
1867 2591 1968 2652 ἅλ-

374 2682 539 2761 λοισι-
553 2680 752 2741 θεοῖσι·
782 2679 907 2741 ὅτευ
927 2680 987 2740 δὲ
1007 2680 1186 2740 εἵνεκα
1202 2683 1455 2741 τοιοῦτον
1471 2672 1762 2761 γράφουσι
1781 2679 1966 2751 αὖτόν,

376 2764 442 2825 οὗ
464 2793 564 2843 μοι
593 2766 749 2843 ἥδιόν
784 2772 909 2828 ἔστι
942 2766 1148 2849 λέγειν·
1191 2768 1464 2845 σέβονται
1501 2768 1560 2827 δὲ
1596 2767 1806 2832 πάντας
1840 2768 1970 2833 τοῦς

374 2854 537 2935 αἶγας
577 2858 631 2913 οἶ
669 2853 996 2931 Μενδήσιοι,
1030 2855 1123 2914 καὶ
1162 2858 1389 2932 μᾶλλον
1425 2855 1556 2920 τούς
1596 2856 1822 2933 ἔρσενας
1859 2859 1971 2916 τῶν

375 2941 607 3017 θηλέων·
637 2941 729 3001 καὶ
752 2941 959 3003 τούτων
980 2944 1035 3001 οἰ
1058 2942 1288 3003 αἰπόλοι
1311 2940 1478 3019 τιμὰς
1500 2943 1732 3020 μέζονας
1759 2944 1978 3025 ἔχουσι,

374 3033 437 3088 ἐκ
463 3030 523 3088 δὲ
547 3027 754 3089 τούτων
782 3029 859 3093 εἷς
880 3028 1155 3107 μάλιστα,
1177 3028 1333 3093 ὅστις
1360 3029 1526 3091 ε’πεσῖν
1552 3029 1822 3106 ἀποθάνῃ,
1842 3031 1968 3089 πέν-

373 3117 472 3181 θος
494 3118 643 3198 μέγα
669 3117 834 3177 παντὶ
859 3142 937 3196 τῳ
963 3118 1263 3196 Μενδησίῳ
1279 3142 1428 3195 νομῳ
1400 3117 1674 3177 τίθεται·
1715 3116 1972 3176 καλέεται

373 3203 491 3275 δὲ”
460 3232 491 3265 ο
516 3230 580 3265 τε
612 3203 817 3287 τράγος
848 3204 941 3263 καὶ
973 3202 1006 3263 ὅ
1046 3204 1178 3264 Παν
1208 3204 1546 3283 Αἰγυπτιστὶ
1567 3202 1815 3307 Μένδης·
1857 3203 1973 3282 ε’γέ-

370 3317 497 3355 νετο
528 3291 575 3353 δ’
610 3298 669 3354 ἐν
697 3318 775 3374 τῳ
806 3317 959 3371 νομῳ
989 3314 1168 3370 τουτῳ
1205 3295 1276 3349 ἐπ
1323 3294 1456 3367 ε’μεΰ
1495 3290 1662 3347 τοῦτο
1690 3285 1757 3345 τό
1787 3288 1970 3365 τέρας·
