2267 3517
339 136 436 187 122
932 136 1303 189 ἨΡΟΔΟΤΟΤ
1835 136 1936 205 [Π.

336 216 595 294 βασιλέϊ.
675 216 1006 296 ἀπέστησαν
1043 219 1104 279 δὲ
1141 216 1303 279 αὗται
1336 218 1603 297 τέσσερες
1631 218 1724 279 καὶ
1759 219 1941 281 εἴκοσι

338 305 598 382 μυριάδες
630 307 945 389 Αἰγυπτίων
979 311 1092 367 τῶν
1125 306 1387 385 μαχίμων
1414 312 1468 371 ἐς
1503 305 1632 370 τοῦς
1667 307 1941 372 Αἰθίοπας

335 392 579 465 τούτους,
602 394 670 455 δι’
697 396 877 472 αἰτίην
902 394 1138 471 τοιήνδε·
1167 394 1258 453 ἐπὶ
1273 395 1634 474 Ψαμμιτίχου
1659 395 1940 470 βασιλέος

340 482 591 557 φυλακαὶ
632 482 987 543 κατέστασαν
1020 482 1077 542 ἔν
1110 507 1176 542 τε
1207 480 1586 561 Ἐλεφαντίνῃ
1622 482 1762 542 πόλι
1794 482 1938 561 πρός

340 569 637 641 Αἰθιόπων,
666 570 758 629 καὶ
798 575 856 630 ἐν
884 568 1158 649 Δάφνῃσι
1197 572 1333 647 τῇσι
1360 570 1729 649 Πηλουσίῃσι
1755 569 1938 651 [ἄλλη

340 656 423 737 δὲ]
475 657 617 735 πρὸς
661 657 944 735 Ἀραβίων
988 683 1051 718 τε
1098 657 1192 716 καὶ
1235 656 1440 735 Σύρων,
1491 658 1584 717 καὶ
1631 662 1690 717 ἐν
1737 660 1938 738 Μαρέῃ

338 745 480 821 πρός
511 744 731 822 Λιβύης
764 744 936 821 ἄλλη.
1019 746 1099 805 ἔτι
1139 744 1200 804 δὲ
1239 744 1326 804 ἐπ’
1365 748 1498 822 ἐμεῦ
1538 747 1630 805 καὶ
1671 746 1939 823 Περσέων

344 831 487 892 καταῖ
510 832 686 893 ταῦταῖ
714 836 773 893 αἱ
800 833 1050 910 φυλακαὶ
1077 834 1290 911 ἔχουσι,
1319 832 1390 897 ὥς
1416 834 1509 892 καὶ
1545 834 1636 893 ἐπὶ
1661 834 1939 911 Ψαμμιτί-

337 945 447 999 χου
470 918 639 996 ἦσαν·
682 921 775 980 καὶ
808 922 919 1002 γὰρ
946 926 1005 982 ἐν
1038 920 1414 999 Ἐλεφαντίνῃ
1447 921 1672 998 Πέρσαι
1703 922 1937 1000 φρουρέ-

339 1033 485 1079 ουσι,
513 1010 605 1068 καὶ
632 1014 691 1071 ἐν
718 1009 1009 1090 Δάφνῃσι.
1090 1008 1222 1074 τούς
1249 1007 1323 1068 ὧν
1350 1008 1418 1085 δή
1447 1000 1784 1091 Αἰγυπτίους
1808 1011 1938 1087 τρία

340 1096 463 1157 ἔτεα
496 1098 925 1176 φρουρτ’σαντας
967 1098 1176 1158 ἀπέλυε
1217 1096 1392 1161 οὐδεὶς
1431 1100 1533 1173 τῆς
1573 1102 1840 1175 φρουρῆς·
1883 1101 1937 1159 οἰ

342 1184 403 1244 δὲ
469 1185 925 1264 βουλευσάμενοι
991 1186 1088 1253 καὶ,
1151 1189 1312 1265 κοινῷ
1362 1183 1516 1267 λόγῳ
1569 1186 1933 1266 χρησάμενοι,

336 1272 538 1337 πάντες
588 1273 702 1335 ‹in-6
743 1278 845 1334 τοῦ
885 1274 1246 1353 Ψαμμιτίχου
1286 1273 1632 1337 ἀποστάντες
1669 1272 1841 1349 ἤϊσαν
1881 1279 1936 1339 ἐς

340 1361 657 1438 Αἰθιοπίην·
713 1362 1068 1440 Ψαμμίτιχος
1094 1360 1155 1420 δὲ
1179 1360 1489 1438 πυθόμενος
1520 1361 1722 1421 ἐδίωκε·
1781 1361 1854 1427 ὥς
1875 1361 1936 1422 δὲ

340 1449 642 1524 κατέλαβε,
692 1449 872 1508 ἐδέετο
920 1448 1119 1508 ’πολλοὶ
1165 1449 1362 1530 λέγων,
1409 1450 1506 1509 καί
1547 1455 1733 1525 σφεας
1779 1444 1935 1514 θεοὺς

337 1534 625 1614 πατρῴους
650 1535 950 1597 α’πολιπεῖν
976 1535 1075 1596 οὔκ
1102 1536 1181 1606 ἔα,
1211 1536 1302 1594 καὶ
1325 1536 1507 1607 τέκνα,
1536 1539 1628 1596 καὶ
1652 1540 1932 1618 γυναῖκας·

338 1626 451 1685 τῶν
476 1623 541 1683 δέ
560 1650 683 1684 τινα
710 1624 935 1705 λέγεται
961 1623 1216 1694 δείξαντα
1240 1622 1306 1683 τὸ
1334 1624 1543 1685 αἰδοῖον
1571 1628 1742 1685 εἰπεῖν
1763 1626 1935 1685 “ἔνθα

341 1708 411 1773 ἂν
432 1716 599 1772 τοῦτο
633 1710 689 1791 ᾗ,
734 1712 966 1773 ἔσεσθαι
1002 1710 1226 1773 αὖτοῖσι
1258 1712 1493 1773 ἐνθαῦτα
1525 1713 1616 1773 καὶ
1644 1713 1808 1773 τέκνα
1842 1713 1935 1773 καὶ

336 1800 650 1881 γυναῖκας.”
730 1798 885 1861 οὗτοι
924 1801 1048 1860 ἐπεί
1092 1826 1157 1861 τε
1208 1807 1263 1865 ἐς
1301 1802 1599 1878 Αἰθιοπίην
1651 1800 1931 1873 ἀπίκοντο,

338 1888 554 1949 διδοῦσι
594 1889 778 1966 σφέας
818 1888 1018 1953 αὖτοῦς
1053 1892 1133 1968 τῷ
1171 1887 1454 1950 Αἰθιόπων
1491 1889 1752 1966 βασιλέϊ·
1799 1890 1834 1951 ό
1873 1890 1937 1951 δέ

339 1983 525 2055 σφεας
563 1974 700 2060 τῷδε
746 1977 1144 2061 ἀντιδωρέεται·
1205 1976 1356 2054 ἦσάν
1398 1980 1453 2037 οἰ
1493 1976 1757 2055 διάφοροί
1792 2004 1934 2043 τινες

333 2067 626 2149 γεγονότες
656 2072 766 2129 τῶν
790 2067 1089 2129 Αἰθιόπων·
1130 2066 1358 2129 τούτους
1389 2065 1609 2126 ἐκέλευε
1644 2065 1933 2137 ἐξελόντας

334 2154 440 2232 τήν
466 2157 680 2218 ἐκείνων
702 2160 811 2238 γῆν
838 2156 1051 2217 οἰκέειν·
1090 2154 1301 2215 τούτων
1331 2154 1392 2213 δὲ
1427 2155 1852 2215 ἐσοικισθέντων
1878 2160 1932 2218 ἐς

334 2244 465 2306 τοῦς
490 2245 779 2315 Αἰθίοπας,
810 2243 1152 2321 ἡμερώτεροι
1179 2241 1452 2324 γεγόνασι
1484 2242 1764 2314 Αἰθίοπες,
1791 2241 1932 2320 ἤθεα

332 2330 607 2406 μαθόντες
631 2331 929 2413 Αἰγύπτια.

240 2420 313 2478 31
414 2419 605 2497 Μέχρι
636 2420 741 2496 μέν
777 2446 874 2480 νυν
904 2420 1190 2497 τεσσέρων
1225 2422 1414 2496 μηνῶν
1447 2418 1632 2479 πλόου
1669 2418 1761 2478 καὶ
1797 2418 1931 2480 ὁδοῦ

332 2504 667 2587 γινώσκεται
698 2506 731 2567 ὅ
762 2511 988 2578 Νεῖλος,
1015 2505 1196 2584 πάρεξ
1224 2511 1325 2568 τοῦ
1359 2512 1416 2567 ἐν
1443 2506 1705 2589 Αἰγύπτῳ
1730 2505 1932 2585 ῥεύμα-

331 2619 445 2658 τος·
474 2594 762 2675 (τοσοῦτοι
780 2594 893 2677 γὰρ
913 2594 1374 2676 συμβαλλομένῳ
1393 2600 1563 2673 μῆνες
1583 2595 1933 2673 εὖρίσκονται

332 2680 787 2762 ἀναισιμούμενοι
821 2685 882 2755 ἐξ
910 2683 1313 2761 Ἐλεφαντίνης
1345 2683 1696 2763 πορευομένῳ
1724 2689 1780 2749 ἐς
1802 2683 1932 2747 τοῦς

331 2768 695 2848 Αὕτομόλους
731 2772 1004 2852 τούτους·)
1045 2773 1158 2848 ῥέει
1199 2772 1258 2831 δὲ
1298 2770 1412 2831 ἀπὸ
1454 2772 1693 2849 ἑσπέρης
1733 2796 1798 2831 τε
1839 2772 1932 2830 καὶ

333 2855 501 2933 ἡλίου
527 2857 800 2936 δυσμέων.
853 2859 921 2919 τό
950 2860 1009 2918 δὲ
1034 2858 1150 2919 α’,πὸ
1169 2858 1348 2929 τοῦδε,
1372 2857 1549 2922 οὐδεὶς
1569 2860 1683 2937 ἔχει
1703 2859 1932 2934 σαφέως

333 2943 571 3022 φράσαι·
599 2949 802 3023 ἐρῆμος
818 2945 928 3028 γάρ
951 2951 1075 3007 ἐστι
1094 2946 1132 3021 ἦ
1158 2944 1313 3025 χώρη
1335 2944 1475 3021 αὕτη
1499 2945 1608 3005 ὖπό
1631 2944 1929 3022 καύματος.

237 3034 313 3092 32
329 3032 516 3093 Ἀλλοῖ
541 3032 673 3093 τάδε
697 3034 800 3110 μὲν
825 3033 1045 3109 ἥκουσα
1070 3033 1281 3110 ἀνδρῶν
1301 3033 1642 3110 Κυρηναίων,
1662 3031 1925 3108 φαμένων

332 3122 518 3182 ἐλθεῖν
535 3147 599 3181 τε
619 3121 711 3181 ἐπὶ
733 3119 799 3181 τό
817 3120 1116 3199 Ἀμμωνος
1141 3120 1487 3199 χρηστήριον
1503 3119 1596 3179 καὶ
1621 3118 1928 3177 ἀπικέσθαι

333 3212 389 3271 ἐς
413 3208 619 3291 λόγους
641 3208 924 3289 Ἐτεάρχῳ
949 3213 1027 3288 τῷ
1049 3207 1377 3285 Ἀμμωνίων
1401 3205 1662 3283 βασιλέϊ·
1703 3204 1802 3263 καί
1825 3230 1930 3267 κως

332 3299 395 3355 ἐκ
446 3295 633 3377 λόγων
677 3296 871 3357 ἄλλων
916 3294 1221 3357 ἀπικέσθαι
1265 3300 1322 3359 ἐς
1375 3293 1594 3371 λέσχην
1645 3290 1774 3366 περὶ
1824 3292 1929 3350 τοῧ
