2267 3517
226 3112 300 3171 37

293 144 392 193 218
891 143 1259 192 ἨΡΟΔΟΤΟΤ
1534 160 1537 163 “
1758 142 1893 208 [ῙῙῘ.

292 221 478 282 πάντα
521 219 716 302 ἡλικίῃ
763 221 855 281 καὶ
909 222 1064 300 θυμῷ
1111 221 1390 298 ἐπίτρεπε,
1438 219 1572 280 ἀλλ’
1617 221 1750 301 ’ίσχε
1802 223 1898 282 καὶ

293 307 701 386 καταλάμβανε
740 307 1004 368 σεωυτόν.
1086 307 1301 388 ἀγαθόν
1339 333 1411 378 τι,
1452 306 1697 385 πρόνοον
1737 307 1895 370 εἶναι·

294 395 486 472 σοφὸν
525 397 586 455 δὲ
623 397 662 472 ἦ
693 397 999 474 προμηθίη.
1068 395 1145 456 σῦ
1185 396 1246 455 δὲ
1285 397 1511 460 κτείνεις
1547 398 1652 473 μὲν
1692 396 1895 475 ἄνδρας

295 488 541 544 σεωυτοῦ
566 485 856 560 πολιήτας,
885 482 970 543 ἐπ’
997 483 1227 562 σῦδεμιῇ
1256 484 1405 564 αἰτίῃ
1430 482 1704 564 ἀξιόχρεῳ
1736 485 1896 546 ἑλών·

295 572 522 635 κτείνεις
547 572 608 631 δὲ
631 572 851 636 παῖδας.
911 568 983 647 ἢν
1002 571 1063 631 δὲ
1087 570 1283 630 πολλὰ
1308 574 1540 631 τοιαῦτα
1565 573 1774 651 ποιέῃς,
1794 571 1898 649 ὅρα

296 657 433 723 ὅκως
464 659 547 736 μή
573 685 677 720 σευ
703 659 1130 736 ἀποστήσονται
1162 659 1407 735 Πέρσαι.
1476 659 1601 735 ἐμοὶ
1626 660 1685 718 δὲ
1710 660 1897 736 πατὴρ

296 746 401 809 σός
433 751 620 824 Κῦρος
646 748 968 807 ἐνετέλλετο
993 745 1191 807 πολλοὶ
1212 745 1456 806 ’κελεύων
1480 749 1551 805 σὲ
1576 748 1896 818 νουθετέειν,

299 834 392 892 καὶ
415 834 784 894 ύποτίθεσθαι
812 833 843 894 ὅ
869 859 925 894 τι
950 832 1021 894 ἂν
1049 833 1285 910 εὑρίσκω
1311 831 1576 915 α’γαθόν.”
1641 834 1675 894 ὁ
1698 837 1803 912 μὲν
1828 835 1897 910 δή

300 920 519 981 εὔνοιαν
546 923 759 998 φαίνων
786 922 1168 996 συνεβούλευέ
1192 924 1246 980 οἱ
1268 925 1462 981 ταῦτα·
1503 921 1538 980 ὅ
1564 921 1612 980 δ’
1631 920 1898 999 ἀμείβετο

297 1009 509 1070 τοῖσδε·
538 1019 576 1046 “
592 1009 666 1070 m)
696 1011 788 1070 καὶ
809 1008 933 1087 ἐμοὶ
958 1012 1177 1088 τολμᾷς
1196 1009 1624 1086 συμβουλεύειν,
1642 1009 1703 1074 ὃς
1720 1036 1899 1089 χρησ-

303 1101 412 1161 ns«,-
446 1101 551 1174 μὲν
584 1097 689 1173 τὴν
721 1101 967 1158 σεωυτοῦ
1001 1097 1245 1174 πατρίδα
1282 1094 1707 1174 ἐπετρόπευσας,
1740 1097 1801 1157 εὖ
1839 1098 1899 1157 δὲ

299 1188 376 1264 τῷ
421 1184 592 1262 πατρὶ
638 1188 716 1265 τῷ
761 1189 874 1263 ἐμῷ
920 1184 1395 1260 συνεβούλευσας,
1444 1185 1681 1244 κελεύων
1732 1184 1901 1246 αύτόν

299 1270 542 1349 Ἀράξεα
580 1273 836 1349 ποταμὸν
873 1272 1151 1349 διαβάντα
1193 1272 1331 1332 ἰέναι
1366 1272 1458 1332 ἐπὶ
1493 1273 1899 1355 Μασσαγέτας,

298 1361 664 1437 βουλομένων
691 1360 909 1421 ἐκείνων
934 1360 1245 1436 διαβαίνειν
1265 1364 1322 1424 ἐς
1344 1359 1449 1435 τὴν
1466 1359 1775 1438 ἤμετέρηνς
1807 1361 1901 1421 καὶ

302 1445 416 1506 ‹in-<3
434 1450 539 1523 μὲν
559 1446 803 1507 σεωυτόν
820 1446 1039 1511 ὤλεσας
1055 1451 1159 1523 τῆς
1177 1451 1426 1508 σεωυτοῦ
1442 1449 1707 1525 πατρίδος
1726 1452 1904 1512 κακῶς

301 1534 574 1612 προστάς·
629 1533 744 1594 dm?
792 1534 854 1593 δὲ
896 1532 1115 1599 ὤλεσας
1160 1538 1367 1611 Κῦρον,
1408 1534 1739 1612 πειθόμενόν
1783 1562 1900 1596 σοι·

303 1620 436 1681 ἀλλ’
464 1621 611 1681 οὔ-τι
635 1623 863 1702 χαίρων·
905 1622 1029 1681 ἐπεί
1053 1647 1145 1682 τοι
1172 1623 1267 1681 καὶ
1299 1622 1480 1682 πάλαι
1507 1627 1563 1686 ἐς
1588 1626 1657 1683 σὲ
1680 1623 1903 1701 προφά-

303 1709 428 1773 σιός
477 1736 572 1770 τευ
626 1709 858 1787 ἐδεόμην
913 1709 1347 1788 ἐπιλαβέσθαι·”
1407 1715 1584 1771 ταῦτα
1636 1711 1698 1771 δὲ
1746 1712 1904 1777 εἶπας

305 1797 596 1875 ἐλάμβανε
620 1799 687 1858 τὸ
707 1797 874 1868 τόξον
893 1798 965 1863 ὥς
993 1797 1413 1868 κατατοξεύσων
1432 1797 1618 1860 αὐτόν·
1652 1804 1904 1877 Κροῖσος

305 1885 366 1945 δὲ
401 1885 728 1963 α’ναδραμών
763 1887 881 1946 ἔθεε
914 1886 1034 1957 ἔξω·
1076 1887 1108 1947 ὁ
1142 1886 1217 1958 δὲ,
1252 1887 1377 1947 ἐπεί
1405 1912 1469 1947 τε
1498 1887 1769 1956 τοξεῦσαι
1804 1888 1905 1948 οὐκ

306 1973 438 2054 εἶχε,
469 1975 780 2035 ἐνετείλατο
806 1979 960 2035 τοῖσι
987 1973 1299 2051 θεράπουσι
1325 1973 1616 2050 λαβόντας
1638 2000 1737 2052 μιν
1766 1974 1905 2034 οἷπο·

308 2065 534 2123 κτεῖναι·
587 2065 644 2122 οἱ
683 2063 742 2122 δὲ
784 2062 1116 2140 θεράποντες
1158 2061 1519 2138 ἐπιστάμενοι
1557 2060 1659 2122 τᾶν
1694 2061 1906 2139 τρόπον

307 2149 494 2221 αύτοῦ,
545 2150 997 2229 κατακρύπτουσι
1047 2149 1149 2210 τᾶν
1202 2153 1459 2226 Κροῖσον
1504 2151 1597 2210 ἐπὶ
1647 2150 1785 2229 τῷδε
1828 2152 1907 2229 τῷ

307 2237 475 2319 λόγῳ,
520 2237 666 2298 ὥστε
707 2242 756 2298 εἰ
793 2241 897 2314 μὲν
934 2236 1320 2315 μεταμελήσει
1364 2242 1441 2316 τῷ
1475 2237 1774 2316 Καμβύσῃ
1814 2238 1906 2297 καὶ

309 2325 634 2400 ἐπιζητήσει
677 2325 778 2384 τόν
824 2327 1095 2401 Κροῖσον,
1148 2327 1201 2384 οἶ
1248 2324 1308 2382 δὲ
1358 2324 1694 2402 ἐκφήναντες
1738 2322 1908 2385 αύτόν

311 2411 460 2486 δῶρα
493 2410 816 2489 λάμψονται
852 2411 1095 2492 ζωάγρια
1131 2411 1406 2488 Κροίσου·
1446 2410 1517 2487 ἢν
1542 2412 1603 2471 δὲ
1635 2412 1717 2490 μὴ
1743 2437 1907 2490 μετα-

309 2503 552 2576 μελῆται
577 2499 718 2575 μηδὲ
743 2500 895 2576 ποθῇ
920 2524 1036 2576 μιν,
1062 2495 1193 2558 τότε
1220 2500 1630 2577 καταχρῆσθαι·
1662 2500 1914 2576 ἐπόθησέ

310 2611 374 2645 τε
431 2585 468 2662 ἠ
495 2585 529 2646 ὅ
556 2584 885 2662 Καμβύσης
908 2585 1008 2647 τᾶν
1028 2589 1285 2663 Κροῖσον
1304 2584 1370 2644 ού
1395 2591 1597 2666 πολλῷ
1615 2587 1913 2664 μετέπειτα

311 2672 494 2753 χρόνῳ
529 2672 783 2751 ὕστερον,
822 2673 914 2733 καὶ
955 2675 1010 2734 οἱ
1045 2673 1379 2750 θεράποντες
1418 2674 1690 2750 μαθόντες
1726 2678 1910 2750 τοῦτο,

313 2759 670 2843 ἐπήγγελλον
697 2760 844 2841 αὐτῷ
871 2760 943 2825 ὦς
967 2764 1201 2838 περιείη·
1242 2760 1570 2838 Καμβύσης
1595 2761 1656 2820 δὲ
1681 2763 1915 2840 Κροίσῳ

311 2851 417 2925 μὲν
443 2847 788 2925 συνήδεσθαι
823 2850 936 2926 ἔφη
961 2848 1257 2926 περιεόντι·
1299 2849 1537 2913 ἐκείνους
1564 2849 1757 2926 μέντοι
1786 2849 1916 2913 τοῦς

313 2935 785 3013 περιποιήσαντας
806 2936 870 2996 οὗ
892 2936 1382 3014 καταπροΐξεσθαι,
1400 2935 1533 2995 ἀλλ’
1548 2936 1915 2998 ἀποκτενέειν·

318 3025 410 3083 καὶ
437 3025 670 3101 ἐποίησε
695 3027 890 3084 ταῦτα.

399 3111 469 3171 ‘O
501 3115 605 3190 μὲν
632 3111 701 3189 δὴ
726 3115 958 3171 τοιαῦτα
987 3109 1184 3170 πολλοὶ
1218 3115 1273 3174 ἐς
1305 3111 1537 3187 Πέρσας
1564 3136 1628 3172 τε
1666 3113 1760 3172 καὶ
1791 3110 1922 3175 τοῦς

321 3198 647 3278 ξυμμάχους
673 3198 1003 3275 ἐξεμαίνετο,
1025 3198 1205 3274 μένων
1232 3202 1291 3258 ἐν
1310 3199 1519 3275 Μέμφι
1542 3199 1637 3258 καὶ
1662 3199 1837 3274 θήκας
1859 3223 1923 3260 τε

320 3287 568 3351 παλαιοῖς
599 3287 837 3368 άνοίγων
877 3285 970 3346 καὶ
1003 3285 1385 3362 σκεπτόμενος
1416 3285 1547 3348 τοῦς
1581 3286 1824 3358 νεκρούς·
1866 3290 1927 3350 ἐς
