2267 3517
329 130 614 213 ιτα-174]
1020 148 1248 199 nmo.
1876 152 1942 200 ει

327 232 454 289 ἐστι
491 226 614 287 κατ’·
633 226 858 303 ἡλικίην
889 250 954 287 τε
985 227 1079 287 καὶ
1119 227 1403 304 φιλότητα
1436 226 1659 288 εἰλαδδν
1684 228 1941 309 συγγίνε-

326 316 468 375 σθαι
509 319 565 379 ἐς
602 313 808 385 πόσιν,
835 316 929 375 καὶ
969 314 1207 395 ἀνδράσι
1240 316 1333 374 καὶ
1370 315 1589 396 γυναιξὶ
1627 316 1720 375 καὶ
1750 318 1936 379 παισί.

329 402 686 480 ῖδρυνθέντων
718 402 781 461 δέ
816 408 930 479 σφι
963 405 1094 479 ἶρῶν
1120 402 1381 473 ξεινικῶν,
1407 404 1704 479 μετέπειτα
1732 402 1803 467 ὥς
1827 410 1941 481 σφι

327 490 582 561 ἀπέδοξε,
623 488 802 571 (ἔδοξε
843 490 904 549 δὲ
941 493 1096 551 τοῖσι
1133 491 1424 568 πατρίοισι
1453 494 1663 567 μοῦνον
1686 492 1941 569 χρᾶσθαι

329 578 556 659 θεοῖσι,)
597 577 842 642 ἐνδύντες
879 576 952 638 τὰ
991 576 1147 637 ὅπλα
1183 576 1423 640 ἅπαντες
1460 575 1697 638 Καύνιοι
1721 578 1942 656 ἦβηδὸν

327 665 625 730 τύπτοντες
665 664 902 742 δούρασι
938 664 1040 725 τόν
1076 663 1217 742 ἠέρα
1256 666 1426 745 μέχρι
1466 664 1641 743 οὔρων
1679 670 1791 727 τῶν
1820 674 1939 728 Κα-

327 754 599 814 λυνδικῶν
639 754 858 824 ἕποντο,
887 754 980 813 καὶ
1015 754 1240 829 ἔφασαν
1275 752 1583 830 ἐκβάλλειν
1613 752 1743 817 τοῦς
1779 755 1937 826 ξεινι-

331 842 460 906 κοῦς
487 841 664 905 θεούς.
715 842 808 901 καὶ
829 839 984 902 οὗτοι
1008 842 1112 918 μὲν
1130 840 1395 918 τρόποισι
1412 840 1719 905 τοιούτοισι
1736 844 1937 921 χρέων-

327 954 442 989 ται.
522 932 600 989 Oi
638 929 699 989 δὲ
723 928 923 989 Λύκιοι
955 933 1016 989 ἐκ
1051 928 1281 1005 Κρήτης
1302 928 1581 1008 τώρχαῖον
1604 928 1895 1012 γεγόνασι.
1916 934 2031 995 173

328 1016 432 1091 τήν
455 1016 566 1099 γὰρ
595 1015 829 1095 Κρήτην
857 1016 1010 1096 εἶχον
1037 1014 1106 1077 τὰ
1133 1015 1381 1077 παλαιὰν
1404 1022 1599 1078 πᾶσαν
1621 1016 1935 1097 βάρβαροι·

330 1103 736 1183 διενειχθέντων
775 1105 836 1165 δὲ
877 1109 936 1165 ἐν
969 1103 1169 1183 Κρήτῃ
1200 1104 1329 1184 περὶ
1361 1108 1463 1181 τῆς
1491 1104 1805 1182 βασιληΐης
1826 1111 1937 1169 τῶν

329 1190 600 1268 Εὐρώπης
624 1192 834 1253 παίδων
859 1191 1220 1271 Σαρπηδόνος
1249 1218 1311 1251 τε
1350 1192 1445 1252 καὶ
1483 1193 1661 1262 Μίνω,
1704 1193 1777 1257 ὦς
1814 1199 1934 1257 ἐπε·

331 1277 578 1355 κράτησε
615 1283 689 1359 τῇ
728 1279 933 1341 στάσει
964 1281 1187 1359 Μίνως,
1214 1278 1459 1356 ἐξήλασε
1498 1279 1667 1345 αὐτόν
1696 1306 1759 1341 τε
1793 1284 1936 1363 Σαρ-

329 1364 546 1441 πηδόνα
571 1368 664 1427 καὶ
686 1367 816 1431 τοῦς
846 1367 1164 1431 στασιώτας
1190 1366 1379 1428 αὐτοῦ·
1420 1372 1475 1429 οἳ
1501 1364 1561 1429 δὲ
1586 1368 1937 1437 ἀπωσθέντες

327 1452 597 1515 ἀπίκοντο
633 1458 736 1532 τῆς
757 1454 956 1533 Ἀσίης
994 1461 1052 1519 ἐς
1089 1461 1199 1538 γῆν
1237 1455 1343 1532 τήν
1367 1456 1653 1517 Μιλυάδα·
1694 1457 1798 1533 τήν
1820 1459 1935 1541 γὰρ

327 1545 426 1603 νῦν
447 1542 646 1604 Λύκιοι
679 1543 940 1621 νέμονται
976 1542 1116 1620 αὕτη
1131 1544 1206 1605 .τό
1231 1544 1476 1606 παλαιὸν
1500 1544 1571 1621 ἦν
1596 1546 1840 1611 Μιλυάς·
1881 1550 1937 1609 οἱ

325 1628 387 1689 δὲ
433 1631 650 1691 Μιλύαι
694 1630 824 1693 τότε
877 1631 1128 1708 Σόλυμοι
1170 1632 1485 1694 ἐκαλέοντο.
1550 1634 1683 1698 τέως
1720 1636 1825 1711 μὲν
1862 1635 1933 1713 δὴ

323 1717 506 1779 αὐτῶν
545 1720 856 1798 Σαρπηδῶν
894 1718 1052 1799 ἦρχε,
1093 1722 1149 1779 οἶ
1188 1720 1250 1780 δὲ
1291 1721 1587 1782 ἐκαλέοντο
1624 1720 1693 1782 τό
1730 1748 1837 1801 περ
1866 1749 1932 1785 τε

324 1805 611 1881 ἠνείκαντο
664 1807 895 1885 οὕνομα,-
922 1808 1014 1867 καὶ
1061 1812 1160 1867 νῦν
1203 1808 1283 1868 ἔτι
1333 1808 1627 1869 καλέονται
1672 1808 1783 1875 §vra
1821 1815 1935 1873 τῶν

324 1896 616 1971 περιοίκων
656 1899 712 1956 οἱ
749 1895 964 1966 Λύκιοι,
1004 1895 1301 1973 Τερμίλαι·
1349 1895 1421 1959 ὦς
1460 1896 1520 1957 δὲ
1560 1897 1622 1966 ἐξ
1656 1895 1933 1974 Ἀθηνέων

325 1982 509 2046 Λύκος
547 1983 581 2044 6
621 1983 930 2047 Πανδίονος
973 1983 1297 2053 ἐξελασθεὶς
1338 1984 1430 2043 καὶ
1475 1982 1635 2047 οὗτος
1680 1984 1791 2045 find
1830 1991 1933 2047 τοῦ

325 2068 608 2146 ἀδελφεοῦ
653 2072 882 2151 Αἰγέως,
925 2071 1155 2131 ἀπίκετο
1202 2076 1257 2135 ἐς
1294 2071 1425 2135 τούς
1461 2071 1741 2149 Τερμίλας
1776 2074 1932 2150 παρὰ

330 2157 682 2234 Σαρπηδόνα,
709 2158 852 2218 οὕτω
885 2158 956 2235 δή
989 2159 1130 2219 κατὰ
1153 2162 1255 2219 τοῦ
1279 2157 1469 2219 Λύκου
1491 2158 1597 2235 τήν
1622 2161 1933 2237 ἐπωνυμίην

326 2242 526 2305 Λύκιοι
564 2244 670 2305 civo)
707 2244 912 2324 χρόνον
954 2247 1296 2324 ἐκλήθησαν·
1352 2246 1579 2324 νόμοισι
1618 2246 1679 2307 δὲ
1716 2246 1789 2307 τοὶ
1827 2253 1933 2326 μὲν

329 2337 668 2409 Κρητικοῖσι
709 2333 784 2394 τοὶ
823 2334 883 2393 δὲ
928 2340 1233 2413 Καρικοῖσι
1274 2335 1563 2414 χρέωνται·
1612 2328 1677 2395 ’ἓν
1710 2336 1771 2396 δὲ
1800 2336 1929 2399 τόδε

327 2419 469 2479 ἴδιον
497 2420 837 2499 νενομίκασι,
877 2424 970 2481 καὶ
1000 2422 1299 2500 οὐδαμοῖσι
1338 2422 1575 2495 ἄλλοισι
1612 2426 1929 2503 συμφέρον-

325 2532 422 2567 ται
459 2507 778 2586 ανθρώπων·
823 2510 1092 2571 καλέουσι
1129 2509 1245 2571 <ind
1274 2513 1385 2571 τῶν
1414 2511 1665 2589 μητέρων
1702 2515 1933 2579 ἐωυτους

328 2596 422 2653 καὶ
455 2596 576 2656 οὖκὶ
604 2596 718 2659 ‹iv-6
749 2624 860 2659 των
889 2599 1161 2676 πατέρων·
1203 2599 1487 2694 εἰρομένου
1519 2601 1636 2659 δὲε
1612 2601 1800 2677 ετέρου
1831 2602 1933 2664 τόν

326 2683 578 2760 πλησίον
618 2686 703 2749 τίς
749 2686 866 2761 εἴη·
852 2732 868 2755 ,
929 2668 1224 2755 καταλέξει
1273 2686 1473 2747 ἐωυτόν
1517 2688 1797 2765 μητρόθεν
1840 2715 1933 2750 και

325 2774 429 2845 τῆς
449 2772 669 2881 μητρὸς
704 2772 1062 2851 ἀνανεμέεται
1091 2774 1193 2837 τοὶς
1222 2774 1485 2852 μητέρας·
1528 2776 1623 2835 καὶ
1645 2774 1715 2851 ἢν
1737 2776 1842 2853 μέν
1864 2803 1933 2859 γε

325 2858 466 2938 γυνή
494 2858 644 2935 ezerr)
671 2860 852 2941 δούλω
877 2860 1207 2939 συνοικήσῃ,
1242 2866 1470 2943 γενναῖα
1498 2862 1572 2922 τὰ
1596 2864 1761 2923 τέκνα
1784 2865 1931 2925 νενό-

324 2970 545 3022 μισται·
605 2946 676 3022 ἢν
727 2948 787 3007 δὲ
839 2948 980 3026 ἅνηρ
1031 2948 1207 3013 αστός
1257 2950 1350 3009 καὶ
1402 2950 1468 3010 6
1485 2976 1705 3028 πρωτος
1754 2950 1933 3013 αυτῶν

324 3038 560 3116 γυναῖκα
615 3034 796 3113 ξείνην
837 3034 876 3113 ἢ
923 3037 1227 3115 παλλακὴν
1274 3039 1391 3117 ἔχῃ,
1436 3037 1609 3115 ἄτιμα
1650 3038 1722 3098 τοὶ
1767 3038 1943 3098 τέκνα

327 3123 560 3203 γίνεται.

409 3212 486 3273 Οἶ
507 3212 614 3291 μέν
639 3238 736 3275 νυν
761 3216 949 3291 Κᾶρες
971 3212 1127 3275 σῦδέν
1152 3214 1415 3293 λαμπρὸν
1442 3213 1603 3293 ἔργον
1628 3206 1893 3279 οἷποδεξά-
1914 3212 2030 3271 174

329 3324 505 3377 μενοι,
548 3300 944 3377 ἐδουλώθησαν
983 3301 1094 3362 ὑπὸ
1139 3300 1445 3381 ‘Apa-dyov,
1508 3296 1635 3357 οὔτε
1680 3294 1838 3355 αὐτοὶ
1878 3298 1933 3355 οἱ
